2792 4316
302 326 395 376 122

300 519 356 551 10

298 933 350 966 11
400 906 705 969 muliebri
751 908 926 970 dono
973 929 1253 992 regnum
1302 929 1683 991 occupasse.

303 1735 378 1790 48

1310 328 1493 378 LIVY.

2252 327 2441 392 [Boon
2462 327 2505 378 1.

492 489 595 554 Ibi
627 491 1030 574 Tarquinius
1073 492 1428 557 maledicta
1473 494 1557 557 ab
1601 494 1807 576 stirpe
1854 494 2086 557 ultima
2131 514 2341 569 orsuS‚
2380 513 2509 555 ser-

399 615 553 657 vum
603 616 923 678 servaque
971 607 1221 673 natum,
1273 607 1426 679 post
1481 608 1764 660 mortem
1815 598 2157 679 indignam
2207 597 2506 678 parentis

399 698 518 773 sui,
561 720 692 761 non
727 699 1129 783 interregno,
1166 711 1238 763 ut
1271 711 1485 777 antea,
1524 700 1708 776 inito,
1745 721 1879 763 non
1912 700 2197 763 comitiis
2235 700 2503 776 habitis,

398 822 532 864 non
598 823 717 884 per
778 804 1172 887 suffragium
1236 805 1481 887 populi,
1539 825 1675 867 non
1737 804 2118 868 auctoribus
2179 804 2501 885 patribuS,

1783 908 1888 970 Ita
1918 918 2169 982 natum,
2206 907 2301 970 ita
2334 927 2508 971 crea-

395 1020 537 1072 tum
588 1031 831 1093 regem,
880 1013 1209 1076 fautorem
1259 1013 1473 1076 infimi
1518 1012 1784 1095 generis
1832 1012 2196 1086 hominum,
2244 1032 2329 1074 ex
2376 1032 2505 1094 quo

396 1113 540 1195 ipse
604 1115 709 1190 sit,
769 1117 921 1179 odio
983 1117 1236 1180 alienae
1299 1117 1673 1180 honestatis
1708 1125 2040 1197 ereptum
2102 1115 2505 1197 primoribus

298 1245 353 1277 12
399 1238 632 1300 agrum
668 1220 1122 1283 sordidissimo
1155 1222 1392 1304 cuique
1436 1220 1781 1297 divisisse;
1825 1220 2048 1283 omnia
2079 1240 2298 1294 onera,
2336 1240 2507 1302 quae

398 1323 775 1386 communia
806 1325 1137 1406 quondam
1182 1325 1451 1400 fuerint,
1488 1324 1844 1388 inclinasse
1883 1324 1951 1386 in
1990 1323 2312 1405 primores
2353 1323 2508 1387 civi·

397 1427 597 1504 tatis;
645 1427 1018 1491 instituisse
1063 1449 1356 1505 censum,
1392 1440 1465 1492 ut
1512 1428 1794 1511 insignis
1840 1429 1924 1491 ad
1970 1427 2285 1490 invidiam
2333 1426 2508 1491 locu-

395 1530 748 1613 pletiorum
817 1532 1087 1596 fortuna
1152 1543 1351 1609 esset,
1410 1542 1477 1596 et
1539 1542 1769 1615 parata
1845 1532 2041 1607 unde,
2106 1531 2218 1594 ubi
2279 1530 2502 1607 vellet,

398 1636 850 1717 egentissimis
884 1636 1255 1719 largiretur.

492 1739 672 1803 Huic
706 1740 987 1803 orationi
1023 1741 1294 1805 Servius
1328 1762 1478 1805 cum
1518 1740 1989 1804 intervenisset
2034 1739 2293 1821 trepido
2342 1760 2508 1803 nun·

402 1843 496 1906 tio
535 1844 882 1920 excitatuS‚
935 1845 1268 1927 extemplo
1317 1867 1357 1908 a
1395 1845 1728 1908 vestibulo
1780 1844 2003 1908 curiae
2050 1864 2293 1926 magna
2338 1859 2528 1907 voce·

403 1947 620 2030 ‘Quid
653 1949 778 2012 hoc
801 1947 814 1971 '
851 1949 1084 2032 inquit,
1126 1957 1142 1984 ‘
1165 1950 1507 2033 Tarquini,
1544 1949 1637 2011 rei
1670 1949 1821 2011 est?
1914 1949 2064 2031 Qua
2110 1957 2184 2010 tu
2227 1948 2507 2011 audacia

397 2072 503 2114 me
549 2052 699 2115 vivo
744 2073 981 2116 vocare
1032 2074 1231 2117 ausus
1279 2075 1351 2117 es
1400 2063 1620 2135 patres
1668 2062 1782 2115 aut
1830 2053 1897 2114 in
1946 2053 2104 2115 sede
2150 2051 2546 2115 considere·

401 2155 626 2220 mea?'

718 2156 888 2221 Cum
933 2157 1042 2222 ille
1083 2158 1398 2222 ferociter
1426 2160 1508 2221 acl
1552 2158 1733 2233 haee,
1773 2178 1845 2220 se
1891 2156 2097 2238 patris
2132 2155 2233 2219 sui
2265 2165 2502 2220 tenere

399 2262 642 2337 sedern,
679 2262 889 2324 multo
927 2284 1123 2344 quam
1169 2284 1435 2326 servum
1473 2263 1799 2345 potiorem
1841 2261 2051 2324 filium
2095 2260 2269 2342 regis
2314 2260 2505 2343 regni

397 2366 729 2441 heredem,
768 2367 930 2428 satis
974 2367 1157 2430 illum
1192 2368 1304 2430 diu
1348 2389 1467 2449 per
1497 2366 1832 2430 licentiam
1877 2365 2258 2428 eludentem
2302 2364 2506 2427 insul-

401 2480 581 2532 tasse
636 2469 940 2545 dominis,
1005 2471 1251 2534 clamor
1311 2472 1393 2534 ab
1452 2471 1797 2553 utriusque
1859 2469 2230 2532 fautoribus
2293 2468 2505 2531 oritur

398 2583 464 2636 et
505 2594 867 2636 concursus
910 2575 1136 2656 populi
1173 2577 1376 2639 fiebat
1421 2576 1490 2639 in
1529 2575 1796 2650 curiam,
1832 2573 2325 2656 apparebatque
2358 2592 2501 2655 reg·

393 2779 469 2827 the
501 2785 704 2841 strange
741 2778 854 2826 and
893 2780 1196 2827 marvellous
1234 2796 1401 2828 occur-

394 2860 556 2892 rence.

466 2921 537 2956 xo.
559 2909 759 2972 stirpe:
781 2910 860 2957 i.e.
879 2910 964 2958 the
984 2911 1160 2973 origin.
1174 2937 1237 2947 -
1255 2927 1400 2960 mor-

393 2984 508 3024 tem
549 2975 859 3036 indignam,
889 2975 1143 3041 skameful
1171 2978 1399 3036 murder,

393 3040 652 3101 unworthy
695 3041 870 3088 os·his
914 3042 1132 3104 position
1178 3044 1279 3091 and
1320 3043 1398 3091 his

393 3113 731 3154 acts—non
777 3106 1115 3169 interregno,
1152 3115 1274 3156 etc.:
1312 3124 1396 3156 see

391 3184 551 3232 41.—
565 3186 897 3234 occupasse,
920 3173 1032 3221 had
1053 3174 1285 3237 usurped.

464 3250 537 3285 11.
583 3247 867 3301 ereptum:
931 3239 983 3286 in
1034 3255 1090 3288 so
1136 3240 1209 3288 sar
1259 3256 1314 3288 as
1358 3240 1398 3288 it

391 3303 573 3352 should
607 3303 734 3351 have
772 3305 904 3351 been
944 3307 1175 3367 assigned
1206 3306 1322 3367 only
1345 3313 1396 3354 to

392 3370 478 3418 the
494 3369 785 3432 patricians;
819 3370 939 3418 here
955 3372 1103 3432 again
1121 3371 1243 3433 Livy
1257 3372 1297 3419 is
1313 3388 1399 3419 un-

393 3435 666 3497 doubtedly
693 3436 929 3499 thinking
953 3436 1012 3483 of
1041 3437 1165 3485 later
1183 3437 1395 3500 politics.

465 3513 538 3550 12.
574 3516 775 3551 onera:
818 3518 901 3550 see
938 3516 1018 3563 42.
1057 3515 1082 3567 5
1120 3504 1220 3551 and
1246 3516 1326 3564 43.
1350 3516 1398 3563 9.

390 3594 460 3604 —
475 3568 736 3630 insignis,
757 3585 789 3616 a
814 3569 979 3627 mark3
1005 3571 1151 3617 made
1176 3569 1400 3632 conspic-

393 3649 519 3682 uous
541 3635 606 3695 by
631 3635 784 3697 being
806 3635 1023 3698 publicly
1046 3635 1325 3683 recorded.-

459 3696 557 3751 48.
620 3700 751 3749 huic
801 3701 1070 3749 orationi:
1132 3701 1217 3749 the
1266 3701 1398 3763 posi·

392 3763 500 3810 tion
525 3763 662 3823 gives
692 3764 775 3811 the
810 3765 961 3822 force,
986 3765 1161 3813 ‘while
1196 3766 1262 3813 he
1297 3782 1398 3813 was

394 3826 510 3874 thus
545 3826 884 3890 haranguing)
904 3843 1118 3878 -cum
1160 3830 1396 3879 interve·

1504 2780 1713 2829 nissetz
1773 2779 1825 2828 in
1871 2777 2162 2827 translation
2209 2776 2360 2825 make
2406 2778 2505 2826 this

1505 2847 1668 2894 clause
1714 2845 2058 2909 independent
2103 2844 2203 2891 and
2237 2842 2396 2890 break
2437 2858 2505 2907 up

1504 2913 1589 2960 the
1602 2918 1853 2959 sentence.
1866 2937 1933 2946 —
1943 2909 2224 2972 extemplo
2239 2924 2250 2955 :
2275 2909 2353 2957 i.e.
2367 2909 2505 2957 with-

1503 2984 1589 3025 out
1612 2976 1815 3038 waiting
1838 2983 1890 3024 to
1914 2983 1999 3037 get
2026 2974 2498 3023 in.—·vestibulo:

1502 3043 1564 3092 cf.
1582 3055 1662 3107 45.
1677 3058 1710 3103 4
1725 3058 1771 3089 n.
1787 3055 2062 3089 —vocare
2085 3074 2097 3087 .
2119 3076 2133 3088 .
2149 3076 2162 3088 .
2178 3040 2498 3089 considere:

1498 3108 1623 3157 both
1641 3107 1778 3170 regal
1796 3113 1915 3164 acts,
1933 3122 1962 3155 a
1982 3106 2273 3170 usurpation
2292 3105 2352 3153 of
2369 3105 2504 3167 regal

1535 3190 1681 3222 ower.

1500 3190 1533 3239 p
1567 3253 1611 3287 2.
1648 3241 1719 3288 ad
1765 3240 1934 3287 haec:
1984 3254 2047 3286 sc.
2095 3237 2292 3284 diceret.
2315 3251 2498 3288 -sez

1500 3306 1586 3353 the
1617 3305 1812 3367 regular
1849 3304 1997 3352 Latin
2025 3303 2278 3367 emphasis
2299 3319 2368 3352 on
2391 3320 2502 3368 pro·

1500 3384 2034 3419 nouus—servum:
2080 3384 2165 3418 see
2199 3369 2286 3418 Gr.
2323 3370 2433 3433 336.
2464 3386 2502 3420 c.

1500 3449 1552 3486 N.
1580 3451 1622 3484 2.
1640 3463 1703 3472 -
1722 3436 2029 3499 potiorem:
2070 3436 2190 3485 with
2216 3437 2499 3488 heredem.

1498 3530 1563 3539 —
1582 3504 1787 3552 filiurn:
1838 3503 1890 3550 in
1940 3504 2223 3568 apposition
2263 3503 2384 3551 with
2425 3519 2502 3562 se,

1501 3570 1677 3631 taking
1722 3571 1807 3619 the
1848 3571 1991 3635 place
2032 3571 2091 3620 of
2130 3587 2159 3620 a
2205 3587 2318 3619 new
2357 3577 2502 3619 state·

1500 3642 1638 3683 ment
1684 3637 1735 3684 in
1780 3638 1865 3685 the
1903 3637 2116 3686 indirect
2152 3638 2503 3686 discourse.—

1500 3716 1600 3765 per
1653 3702 1967 3751 licentiam:
2031 3703 2094 3753 cf.
2137 3711 2236 3766 per
2283 3705 2502 3766 speciem,

1502 3779 1546 3827 3.
1588 3780 1639 3814 11
1682 3784 1730 3816 n.
1754 3768 2199 3818 —eludentemz
2251 3770 2502 3832 properly,

1500 3831 1705 3894 making
1760 3840 1898 3897 sport
1952 3833 2012 3882 of
2064 3834 2351 3898 something
2413 3834 2502 3898 (cf.
