2792 4316
285 286 353 338 60
1041 291 1049 302 ·
1303 288 1485 338 L1vv.
1515 335 1530 350 ,
2247 285 2435 351 [Boon
2457 287 2506 338 Ι.

317 480 346 512 2
388 461 611 534 patres
645 461 951 517 auctores
983 451 1162 516 facti.
1263 451 1399 517 Hic
1431 472 1564 515 non
1607 451 1821 515 solum
1853 450 2151 533 proximo
2184 450 2329 533 regi
2375 449 2505 513 dis-

392 555 644 631 similis,
696 557 814 619 sed
867 556 1154 620 ferocior
1198 556 1401 620 etiam
1449 576 1647 639 quam
1704 554 2029 619 Romulus
2074 553 2221 618 fuit.
2323 554 2499 618 Cum

389 668 575 723 aetas
617 659 926 743 viresque
975 669 1118 723 tum
1158 659 1337 723 avita
1378 680 1642 742 quoque
1682 658 1894 742 gloria
1927 658 2224 722 animum
2267 657 2503 722 stimu-

390 763 585 829 labat.
685 763 1051 828 Senescere
1099 764 1304 846 igitur
1354 763 1697 828 civitatem
1759 763 1896 825 otio
1955 771 2138 825 ratus
2200 761 2501 845 undique

391 867 736 930 materiam
770 867 1099 931 excitandi
1132 867 1290 930 belli
1320 868 1699 950 quaerebat.

317 994 346 1041 3
480 972 686 1034 Forte
740 971 963 1034 evenit
1018 981 1091 1034 ut
1146 982 1448 1054 agrestes
1506 970 1792 1035 Romani
1854 990 1936 1035 ex
1987 969 2257 1034 Albano
2312 989 2498 1052 agro,

316 1100 348 1143 4
389 1075 644 1139 Albani
676 1096 755 1138 ex
790 1076 1096 1139 Romano
1128 1076 1405 1157 praedas
1445 1074 1729 1138 invicem
1763 1083 2055 1157 agerent.
2153 1073 2502 1154 Imperita·

391 1179 505 1242 bat
530 1186 674 1241 turn
709 1178 917 1242 Gaius
951 1178 1233 1242 Cluilius
1266 1178 1506 1242 Albae.
1576 1178 1929 1260 Vtrimque
1959 1176 2161 1260 legati
2192 1176 2338 1239 fere
2370 1177 2500 1240 sub

393 1282 564 1345 idem
614 1292 880 1364 tempus
927 1283 1010 1345 ad
1057 1302 1163 1345 res
1211 1283 1609 1363 repetendas
1655 1281 1857 1345 missi.
1953 1281 2186 1344 Tullus
2235 1275 2503 1361 praece-

392 1396 580 1468 perat
628 1386 769 1450 suis
816 1406 900 1449 ne
950 1386 1108 1468 quid
1155 1386 1338 1468 prius
1381 1406 1579 1468 quam
1623 1386 1936 1448 mandata
1965 1392 2281 1467 agerent;
2332 1383 2500 1446 satis

394 1490 645 1553 sciebat
680 1499 1075 1572 negaturum
1102 1489 1478 1553 Albanum:
1511 1489 1606 1552 ita
1633 1488 1743 1571 pie
1774 1487 2018 1552 bellum
2045 1487 2246 1550 indici
2271 1506 2495 1568 posse.

318 1616 347 1664 5
390 1593 504 1657 Ab
530 1593 816 1657 Albanis
842 1594 1183 1657 socordius
1208 1614 1314 1657 res
1339 1604 1529 1671 acta;
1575 1593 1834 1675 excepti
1869 1591 2156 1673 hospitio
2187 1592 2272 1654 ab
2298 1591 2500 1653 Tullo

391 1698 633 1761 blande
657 1718 734 1760 ac
759 1697 1049 1780 benigne
1075 1697 1246 1761 comi
1271 1694 1494 1761 fronte
1518 1697 1695 1780 regis
1721 1696 2095 1760 convivium
2128 1695 2494 1758 celebrant.

392 1801 753 1883 Tantisper
786 1802 1072 1865 Romani
1106 1810 1174 1863 et
1208 1822 1312 1864 res
1346 1800 1794 1882 repetiverant
1826 1799 2079 1882 priores
2117 1807 2184 1861 et
2216 1797 2501 1880 neganti

393 1905 662 1968 Albano
715 1904 963 1968 bellum
1013 1904 1083 1967 in
1128 1904 1538 1968 tricesimum
1587 1903 1763 1968 diem
1811 1903 2202 1967 indixerant.
2301 1902 2500 1966 Haec

394 2009 780 2072 renuntiant
814 2008 1024 2072 Tullo,
1496 1999 1502 2005 ¹

318 2124 350 2171 ⁶
476 2113 651 2176 Tum
677 2111 916 2196 legatis
949 2112 1187 2176 Tullus
1219 2112 1483 2177 dicendi
1519 2122 1943 2196 potestatem,
1979 2111 2135 2194 quid
2181 2118 2497 2193 petentes

392 2217 718 2293 venerint,
768 2217 947 2282 fecit.
1046 2217 1152 2280 Illi
1198 2217 1495 2280 omnium
1546 2217 1758 2300 ignari
1806 2216 2090 2299 primum
2145 2215 2497 2301 purgando

393 2330 620 2385 terunt
652 2330 919 2403 tempus
945 2342 958 2386 :
1006 2341 1079 2384 se
1111 2320 1356 2384 invitos
1388 2321 1740 2403 quicquam
1772 2321 1948 2403 quod
1979 2319 2200 2382 minus
2232 2319 2496 2401 placeat

394 2426 590 2489 Tullo
650 2425 963 2502 dicturoS,
1018 2426 1136 2488 sed
1197 2424 1476 2507 imperio
1527 2424 1786 2507 subigi:
1850 2444 1956 2487 res
2007 2423 2367 2505 repetitum
2418 2442 2496 2485 se

318 2553 348 2598 7
390 2529 673 2604 venisse,
710 2529 779 2592 ni
810 2529 1188 2606 reddantur,
1224 2528 1474 2592 bellum
1506 2528 1796 2591 indicere
1839 2527 2072 2590 iussos,
2167 2526 2282 2589 Ad
2327 2528 2495 2590 haec

392 2632 626 2696 Tullus
663 2640 679 2667 ‘
701 2633 1028 2696 Nuntiate
1050 2630 1065 2657 ’
1106 2632 1320 2715 inquit
1358 2632 1535 2715 ‘regi
1565 2641 1806 2707 vestro,
1843 2651 2068 2714 regern
2113 2631 2494 2694 Romanum

393 2737 552 2799 deos
607 2734 828 2798 facere
881 2744 1112 2812 testes,
1169 2746 1320 2800 uter
1371 2736 1555 2818 prius
1607 2735 1891 2817 populus
1946 2719 2052 2799 res
2108 2743 2491 2816 repetentes

451 3008 498 3044 2.
533 3009 847 3054 senescere,
880 2996 973 3044 lose
1007 2998 1069 3045 its
1101 2997 1279 3061 vzgvr:
1328 2996 1391 3047 cf.
1560 2997 1606 3047 6.
1653 2998 1938 3047 omnium:
1983 2996 2070 3045 the
2110 2995 2236 3044 facts
2275 2995 2330 3043 in
2361 3010 2499 3055 4.-

383 3062 599 3110 senium.
624 3085 687 3096 —
721 3063 1031 3120 materiam,
1104 3064 1351 3111 occasions
1366 3080 1390 3118 ‚·
1495 3065 1805 3127 purgando,
1865 3064 1924 3110 in
1984 3061 2257 3124 apologies,·
2317 3061 2393 3109 i.e.
2439 3074 2495 3108 as

385 3126 631 3190 properly,
671 3127 955 3189 something
1000 3135 1053 3176 to
1099 3129 1248 3177 make
1288 3144 1390 3177 war
1493 3130 1698 3177 became
1738 3135 1907 3191 guests
1946 3126 2229 3190 hospitably
2264 3126 2493 3175 received

385 3199 473 3240 out
511 3191 577 3240 of.
1491 3194 1639 3241 when
1673 3210 1739 3242 on
1771 3210 1802 3241 a
1833 3191 2171 3255 disagreeable
2193 3191 2492 3241 mission.—

449 3272 497 3318 4.
533 3257 904 3322 imperitabat,
923 3259 1000 3307 the
1014 3267 1246 3322 supreme
1261 3275 1386 3307 com·
1490 3260 1823 3323 quicquam:
1883 3259 1982 3307 this
2020 3273 2250 3322 pronoun
2290 3257 2333 3305 is
2372 3257 2492 3306 used

385 3324 604 3371 munder
627 3359 639 3371 .
666 3359 677 3371 .
703 3361 715 3372 .
739 3339 844 3372 was
854 3341 877 3380 ‚·
912 3325 1152 3388 probably
1175 3340 1207 3374 a
1230 3325 1387 3375 dicta·
1491 3341 1557 3373 on
1581 3332 1793 3374 account
1817 3324 1875 3373 os
1902 3325 1988 3373 the
2021 3323 2253 3386 negative
2278 3323 2330 3372 in
2355 3322 2491 3372 invi-

385 3395 477 3446 tor,
519 3389 608 3437 but
653 3388 715 3438 cs.
774 3405 830 3437 re
873 3390 896 3449 ',
941 3402 987 3453 7,
1029 3390 1207 3439 belom
1225 3417 1290 3427 —
1314 3404 1387 3439 ne
1491 3399 1597 3440 tos.
1612 3391 1940 3456 ——placeatz
1978 3389 2347 3439 characteristic
2380 3390 2490 3438 sub-
2584 3433 2601 3437 -

384 3454 550 3517 quid:
587 3470 651 3503 sc.
690 3455 768 3503 ali
843 3456 1061 3505 .—-ita:
1102 3457 1180 3505 i.e.
1203 3456 1269 3519 by
1300 3456 1388 3504 the
1485 3455 1705 3518 junctive
1749 3456 1862 3520 (Gr.
1910 3455 2053 3518 320).
2078 3483 2142 3492 —
2162 3457 2488 3505 reddantur:

383 3520 603 3569 demand
638 3521 738 3568 and
772 3521 967 3570 refusal.
990 3521 1183 3585 —pie,
1207 3521 1388 3586 justly,
1492 3521 1569 3570 for
1602 3527 1744 3571 tense
1778 3538 1861 3571 see
1897 3521 1983 3571 Gr.
2009 3521 2105 3584 336
2129 3522 2186 3570 B.
2209 3537 2259 3569 a.

383 3585 471 3633 but
504 3585 623 3633 with
658 3586 910 3634 reference
945 3592 998 3634 to
1028 3586 1159 3635 their
1193 3587 1313 3649 duty
1335 3593 1388 3635 to
1560 3599 1603 3650 7.
1639 3597 1777 3646 uter,
1802 3595 1927 3638 etc.:
1972 3588 2049 3636 i.e.
2087 3587 2173 3636 the
2204 3588 2332 3649 gods
2365 3601 2491 3634 were

382 3649 467 3697 the
490 3652 630 3712 gods.
1490 3657 1543 3700 to
1567 3653 1686 3700 bear
1703 3654 1904 3701 witness
1917 3652 2082 3700 which
2102 3652 2159 3699 of
2176 3653 2262 3700 the
2278 3659 2376 3700 two
2394 3666 2492 3699 was

450 3726 494 3777 5.
550 3717 703 3764 comi
758 3716 967 3764 fronte:
1055 3717 1176 3764 with
1246 3717 1387 3765 cele·
1489 3717 1574 3765 the
1622 3732 1894 3780 aggressor,
1928 3733 1986 3767 so
2031 3718 2140 3767 that
2185 3717 2303 3780 they
2336 3716 2494 3780 might

380 3779 560 3828 brant.
1488 3782 1658 3840 inflict,
1682 3790 1774 3831 etc.
