2792 4316
276 316 375 369 252

309 926 340 960 a
385 898 666 980 primum
694 897 1007 960 intulerat
1044 902 1408 977 caperetur.

382 1002 594 1084 magis
642 1022 837 1085 quarn
885 1001 1207 1083 proelium
1263 1019 1431 1063 esse.

310 1964 343 2007 4

312 2270 342 2318 s
390 2258 504 2312 aut
550 2250 720 2313 duce
764 2259 881 2312 aut
926 2249 1167 2313 auxilio
1214 2248 1450 2313 castris
1495 2259 1835 2314 exuerunt.

386 2361 650 2435 praeter
681 2373 835 2416 suas
868 2353 1271 2436 reciperatas
1303 2372 1410 2416 res
1448 2353 1643 2435 potiti
1688 2363 1864 2417 sunt.

386 2457 470 2520 ab
524 2457 740 2520 Roma
791 2456 1025 2521 consul
1078 2457 1146 2519 in
1202 2457 1488 2520 Volscos
1536 2457 1608 2521 C.
1654 2458 1962 2522 Nautius,

315 2675 347 2721 6
393 2663 555 2747 priis
601 2663 852 2728 viribus
900 2664 1327 2748 consiliisque
1375 2665 1548 2728 bella
1602 2685 1850 2747 gerere.

296 2984 374 3040 54

1295 313 1477 363 LIVY.

2210 310 2395 376 [Βοοκ
2420 312 2509 362 11.-

380 482 588 545 Veios
639 480 883 545 missus
931 489 1148 545 castra
1203 477 1471 552 Sabina,
1509 497 1678 560 quae
1725 496 1844 558 pro
1891 475 2242 540 moenibus
2284 476 2495 541 socio-

381 606 526 649 rum
575 586 794 649 locata
842 593 1049 660 erant,
1086 582 1441 648 confestim
1489 580 1892 663 adgreditur,
1928 590 2317 664 tantamque
2362 590 2494 645 tre·

380 689 787 772 pidationem
823 688 1051 752 iniecit
1091 696 1183 762 ut,
1219 686 1377 748 dum
1411 684 1695 767 dispersi
1726 684 1835 747 alii
1867 683 1996 747 alia
2027 683 2491 765 manipulatim

382 803 740 858 excurrunt
772 794 855 856 ad
888 792 1242 856 arcendam
1278 788 1572 852 hostium
1607 789 1760 863 vim,
1796 808 1874 851 ea
1909 797 2103 870 porta
2144 788 2250 850 cui
2297 786 2494 870 signa

1504 892 1693 955 Intra
1715 892 1958 955 vallum
1985 891 2224 954 deinde
2248 892 2493 955 caedes

1526 997 1887 1062 Tumultus
1934 1016 1972 1059 e
2018 997 2255 1061 castris
2302 1006 2372 1060 et
2420 996 2489 1059 in

383 1106 614 1169 urbem
670 1114 1022 1187 penetrat;
1083 1115 1422 1188 tamquam
1472 1102 1635 1166 Veis
1686 1100 1899 1183 captis
1950 1100 2045 1164 ita
2098 1100 2315 1182 pavidi
2361 1100 2494 1163 Ve-

384 1208 601 1273 ientes
632 1210 716 1272 ad
748 1229 929 1273 arma
952 1218 1243 1273 currunt.

1327 1208 1487 1270 Pars
1514 1205 1782 1271 Sabinis
1808 1214 1971 1268 eunt
1997 1204 2312 1281 subsidi0‚
2336 1224 2490 1285 pars

389 1314 730 1376 Romanos
790 1321 935 1376 toto
995 1312 1248 1394 impetu
1311 1312 1610 1375 intentos
1672 1311 1741 1373 in
1798 1318 2017 1373 castra
2076 1307 2483 1371 adoriuntur.

311 1442 340 1488 3
391 1415 733 1498 Paulisper
762 1416 976 1480 aversi
1008 1415 1391 1499 turbatique
1427 1425 1625 1492 sunt;
1669 1414 1911 1478 deinde
1943 1422 2012 1477 et
2047 1412 2170 1494 ipsi
2204 1423 2490 1493 utroque

384 1520 593 1583 versis
619 1520 827 1603 signis
853 1520 1193 1596 resistunt,
1222 1529 1288 1583 et
1315 1539 1519 1603 eques
1551 1520 1634 1583 ab
1660 1518 1932 1583 consule
1957 1517 2295 1580 immissus
2321 1517 2491 1578 Tus-

387 1645 501 1688 cos
533 1624 752 1687 fundit
784 1623 1145 1707 fugatque3
1191 1625 1557 1705 eademque
1588 1623 1751 1686 hora
1771 1623 1904 1685 duo
1940 1621 2288 1695 exercitus,
2316 1621 2490 1683 duae

385 1727 893 1810 potentissimae
946 1737 1014 1791 et
1068 1727 1389 1791 maximae
1452 1726 1772 1790 finitimae
1831 1736 2072 1810 gentes
2126 1734 2482 1807 superatae

387 1841 567 1895 sunt.

478 1936 658 1999 Dum
706 1935 870 1999 haec
924 1936 1007 1998 ad
1052 1934 1257 1999 Veios
1317 1944 1658 2017 geruntur,
1706 1934 1937 1999 Volsci
1998 1933 2355 2018 Aequique
2417 1934 2489 1998 in

394 2039 640 2104 Latino
692 2060 852 2124 agro
901 2049 1260 2122 posuerant
1316 2050 1535 2104 castra
1579 2039 2006 2124 populatique
2052 2041 2222 2104 fines
2269 2050 2481 2104 erant.

390 2145 527 2208 Eos
560 2165 680 2227 per
717 2165 790 2208 se
821 2143 947 2227 ipsi
982 2142 1207 2209 Latini
1238 2144 1610 2226 adsumptis
1647 2144 1965 2210 Hernicis
1998 2144 2144 2210 sine
2180 2146 2490 2209 Romano

1934 2250 2205 2333 Ingenti
2242 2250 2493 2332 praeda

1961 2354 2214 2417 Missus
2259 2363 2489 2417 tamen

2059 2458 2231 2533 Mos,
2266 2458 2486 2532 cred0,

387 2581 522 2624 non
569 2560 875 2642 placebat
918 2560 1061 2624 sine
1097 2562 1403 2624 Romano
1433 2562 1602 2624 duce
1636 2561 2064 2645 exercituque
2097 2561 2312 2626 socios
2345 2581 2491 2643 pro·

1948 2665 2222 2729 Nullum
2271 2685 2488 2747 genus

388 2767 782 2833 calamitatis
829 2767 1405 2851 contumeliaeque
1450 2788 1585 2832 non
1636 2768 1889 2832 editum
1937 2768 2006 2830 in
2042 2768 2326 2832 Volscos
2360 2777 2486 2843 est,

389 2893 514 2936 nec
547 2881 773 2934 tamen
812 2870 1088 2954 perpelli
1121 2881 1399 2954 potuere
1434 2881 1507 2935 ut
1539 2871 1683 2937 acie
1715 2872 2125 2936 dimicarent.

485 2975 559 3039 L.
600 2975 841 3039 Furius
882 2975 1036 3039 inde
1083 2984 1150 3039 et
1192 2974 1263 3040 C.
1311 2975 1605 3040 Manlius
1650 2976 1977 3040 consules,

386 3080 604 3143 ientes
635 3077 976 3161 provincia
998 3079 1238 3144 evenit.

384 3237 464 3286 41.
512 3238 553 3274 1.
576 3225 975 3276 —sociorumt
1028 3226 1107 3275 i.e.
1142 3228 1228 3277 the
1267 3227 1385 3277 Vei-

386 3299 542 3340 entes.
563 3319 631 3328 —
653 3292 750 3341 alii
802 3292 941 3341 alia:
1010 3293 1087 3342 i.e.
1141 3294 1259 3356 they
1293 3310 1387 3342 run

385 3356 615 3406 different
638 3374 789 3421 ways,
815 3365 904 3407 not
939 3357 1180 3422 referring
1212 3375 1385 3408 neces-

385 3423 532 3487 sarily
564 3431 617 3473 to
653 3432 805 3488 gates,
841 3424 1035 3488 though
1070 3426 1180 3474 that
1225 3425 1266 3474 is
1311 3426 1385 3474 in-

386 3488 566 3539 cluded
589 3491 640 3538 in
665 3491 752 3539 the
775 3490 980 3554 general
1003 3490 1132 3539 idea.

457 3567 502 3616 3.
537 3557 752 3605 aversi:
810 3558 887 3605 i.e.
934 3557 1020 3604 the
1068 3557 1389 3606 Romans.—

386 3630 651 3683 utroque:
692 3623 769 3670 i.e.
805 3623 1021 3670 towards
1050 3623 1138 3670 the
1176 3638 1289 3670 now
1313 3638 1387 3671 re·

386 3685 609 3733 inforced
656 3686 883 3742 SabineS,
918 3688 1017 3735 and
1054 3688 1268 3736 towards
1301 3687 1387 3736 the

385 3752 574 3798 second
611 3752 905 3800 mentioned
938 3759 1049 3816 part
1085 3752 1144 3801 of
1183 3752 1270 3803 the
1306 3768 1388 3801 en-

386 3829 512 3876 emy.
653 3828 659 3833 ·

2076 2974 2328 3039 Manlio
2359 2974 2495 3039 Ve-

1336 3081 1494 3143 Non
1526 3089 1752 3144 tamen
1784 3081 2104 3145 bellatum
2129 3101 2145 3157 ;
2191 3078 2492 3143 indutiae

1555 3240 1601 3294 5.
1636 3237 1857 3279 tamen:
1912 3230 1990 3278 i.e.
2040 3227 2495 3291 notwithstanding

1488 3295 1598 3343 that
1643 3297 1728 3344 the
1776 3311 1876 3344 war
1921 3311 2023 3344 was
2068 3296 2236 3344 ended
2280 3293 2494 3343 without

1491 3362 1690 3411 Roman
1734 3361 1870 3426 help.
1893 3389 1961 3398 —
1983 3375 2203 3424 gerere:
2258 3367 2493 3421 contrary

1489 3434 1542 3475 to
1588 3427 1674 3475 the
1719 3427 1859 3476 usual
1895 3434 1954 3475 ut
1984 3427 2323 3476 construction
2370 3425 2492 3474 with

1490 3508 1604 3551 mos,
1629 3493 1718 3542 but
1749 3509 1815 3541 no
1841 3494 1998 3542 doubt
2021 3493 2290 3556 suggested
2312 3492 2379 3554 by
2402 3491 2492 3540 the

1488 3558 1665 3621 simple
1715 3558 1955 3608 infinitive
2004 3558 2133 3607 after
2180 3559 2289 3607 that
2334 3558 2492 3615 word,

1488 3624 1651 3672 which
1676 3624 1718 3671 is
1741 3632 1829 3673 not
1851 3640 1908 3672 so
1933 3640 2252 3672 uncommon.

1555 3689 1601 3736 6.
1635 3689 2002 3738 calamitatis:
2054 3691 2130 3737 i.e.
2177 3689 2243 3750 by
2281 3702 2493 3751 ravages

1489 3754 1590 3802 and
1635 3754 1852 3803 inroadS.
1874 3781 1943 3792 —
1963 3755 2370 3805 contumeliae:
2423 3752 2489 3803 cf.

1486 3818 1568 3880 48.
1596 3832 1638 3882 7.
