2792 4316
370 299 473 352 270
1382 298 1565 349 [ΝΥ.
2295 302 2493 368 [Boon
2516 304 2600 354 11.

473 473 670 547 urget
719 483 802 527 ex
848 461 1189 546 superiore
1236 460 1400 527 loco.
1498 462 1611 529 Sic
1655 484 1864 547 prope
1900 474 2247 530 oneratum
2284 476 2390 531 est
2423 467 2600 531 sini-

474 578 689 633 strum
739 566 1063 632 Romanis
1109 586 1335 642 cornu,
1371 566 1441 630 ni
1471 567 1918 633 referentibus
1949 569 2081 633 iam
2112 571 2394 652 gradum
2426 592 2597 635 con-

474 671 578 736 sul
609 671 1013 752 increpando
1038 670 1237 735 simul
1261 670 1714 735 temeritatem
1742 673 1938 736 simul
1963 673 2298 756 ignaviam
2321 676 2594 756 pudore

398 801 429 851 ⁵
475 785 730 839 metum
763 774 1186 839 excussisset.
1285 774 1629 838 Resistere
1660 776 1873 857 primo
1904 777 2262 841 obstinatis
2293 778 2546 842 animis
2571 799 2591 857 3

471 879 732 955 deinde,
783 888 857 942 ut
918 877 1303 942 obtinentes
1363 877 1583 942 locum
1643 878 1818 942 vires
1879 879 2273 956 refecerant,
2324 883 2589 965 audent

472 982 646 1046 ultro
690 984 969 1066 gradum
1017 978 1282 1057 inferre,
1329 990 1399 1044 et
1448 981 1734 1046 clamore
1783 993 2101 1047 renovato
2150 995 2588 1049 commovent

471 1087 700 1151 aciem.
794 1086 970 1149 Tum
1003 1105 1231 1148 rursus
1263 1085 1520 1168 impetu
1552 1095 1748 1167 capto
1781 1086 2128 1150 enituntur
2156 1097 2358 1170 atque
2391 1108 2590 1152 exsu-

398 1202 431 1249 6
476 1201 710 1275 perant
742 1190 1161 1273 iniquitatem
1191 1188 1337 1253 loci.
1436 1189 1579 1253 Iam
1617 1210 1825 1272 prope
1856 1199 1998 1254 erat
2029 1200 2105 1255 ut
2137 1191 2207 1254 in
2240 1212 2584 1256 summum

473 1295 625 1360 clivi
670 1294 898 1377 iugum
945 1293 1324 1369 evaderent,
1360 1314 1514 1357 cum
1560 1302 1753 1376 terga
1795 1294 2026 1359 hostes
2057 1294 2301 1359 dedere
2333 1296 2585 1359 effuso-

473 1419 603 1482 que
655 1419 855 1463 cursu
914 1417 1128 1480 paene
1178 1397 1447 1480 agmine
1500 1418 1635 1461 uno
1687 1397 2026 1480 fugientes
2082 1407 2582 1483 sequentesque

474 1502 709 1567 castris
750 1502 1057 1566 incidere.
1155 1501 1236 1564 In
1291 1521 1371 1565 eo
1421 1521 1665 1584 pavore
1711 1511 1929 1565 castra
1973 1502 2342 1584 capiuntur.
2436 1503 2580 1585 Qui

399 1631 431 1675 7
474 1606 869 1670 Volscorum
901 1601 1198 1687 effugere
1229 1611 1610 1688 potuerunt]
1637 1604 1926 1668 Antium
1957 1615 2238 1687 petunt;
2285 1605 2578 1669 Antium

473 1719 541 1773 et
598 1711 943 1773 Romanus
996 1708 1327 1773 exercitus
1387 1709 1646 1773 ductus,
1743 1710 1995 1774 Paucos
2058 1709 2574 1774 circumsessum

475 1814 615 1877 dies
660 1813 928 1876 deditur
971 1811 1154 1877 nulla
1197 1812 1727 1895 oppugnantium
1761 1833 1933 1876 nova
1962 1812 2048 1888 vi,
2085 1813 2202 1877 sed
2235 1815 2410 1897 quod
2440 1813 2573 1876 iam

474 1918 630 1981 inde
691 1918 776 1981 ab
837 1915 1089 1980 infelici
1130 1924 1376 1999 'pugna
1435 1916 1806 1999 castrisque
1866 1916 2130 1981 amissis
2194 1917 2572 1982 ceciderant

472 2020 693 2085 animi.
2076 2020 2085 2028 ’

469 2233 539 2244 -
565 2213 889 2255 oneratumz
950 2204 1028 2254 tle,
1074 2203 1351 2253 overborne
1406 2203 1473 2266 by
1571 2204 1712 2254 them
1739 2210 1794 2253 to
1825 2220 2043 2254 recover.
2065 2232 2134 2242 -
2153 2205 2330 2255 ultro:
2370 2204 2447 2255 i.e.
2482 2212 2574 2255 not

470 2287 608 2321 mere
631 2271 832 2333 weight.
889 2270 988 2319 For
1010 2271 1368 2328 construction,
1386 2284 1472 2319 see
1570 2269 1758 2332 merely
1781 2276 1834 2319 to
1863 2268 1989 2320 hold
2015 2271 2146 2320 their
2178 2287 2308 2330 own,
2331 2271 2422 2320 but
2445 2287 2572 2320 even

471 2338 556 2386 Gr.
583 2335 694 2399 308.
719 2337 761 2385 b.
1571 2341 1625 2385 to
1659 2336 1902 2384 advance.

540 2415 585 2467 5.
620 2402 960 2459 obtinentes,
986 2408 1112 2450 etc.:
1152 2401 1230 2449 i.e.
1259 2400 1474 2463 holding
1639 2413 1684 2464 7.
1702 2415 1947 2465 paucos:
1973 2416 2058 2449 see
2077 2413 2154 2463 23.
2179 2414 2237 2449 12
2252 2403 2570 2461 n.—nulla‚

471 2468 602 2518 their
633 2468 832 2532 ground
854 2466 930 2516 sor
959 2482 990 2516 a
1013 2474 1237 2516 moment
1259 2466 1473 2517 allowed
1571 2473 1699 2517 etc.:
1725 2466 1791 2517 cf.
1814 2474 2100 2533 oppugnare
2116 2482 2220 2515 non
2235 2483 2407 2527 ausus,
2420 2467 2453 2516 6
2457 2480 2501 2531 3.
2521 2469 2569 2519 6.
