2792 4316
230 345 425 397 cnm.
451 360 532 411 31,
556 346 666 414 32]
1261 348 1443 401 LIVY.
2345 347 2445 399 209

230 510 378 576 dies
439 532 658 595 neque
715 511 1010 577 lacessiti
1072 533 1287 596 neque
1349 512 1761 579 lacessentes
1826 532 1977 577 sese
2038 521 2330 577 tenuere.

232 615 446 680 Pavor
489 616 730 699 ingens
777 616 844 680 in
894 618 1059 716 urbe
1104 626 1424 700 metuque
1474 627 1707 681 mutuo
1762 636 2095 699 suspensa⁴
2143 626 2332 681 erant
2381 638 2410 687 5

229 720 469 785 omnia.
564 721 834 785 Timere
895 722 1129 785 relicta
1179 723 1265 786 ab
1321 722 1461 785 suis
1515 721 1745 804 plebes
1793 721 2179 785 violentiam
2230 742 2336 804 pa-

228 832 431 900 trum,
481 824 720 889 timere
779 832 1004 908 patres
1064 825 1352 890 residem
1412 825 1481 889 in
1543 826 1707 889 urbe
1766 825 2049 908 plebem,
2098 824 2337 889 incerti

228 949 502 993 manere
551 949 698 993 eam
751 950 838 993 an
892 929 1074 994 abire
1122 930 1416 995 mallent.
1514 929 1850 1011 Quamdiu
1893 938 2118 992 autern
2159 938 2334 992 tran·
2380 943 2411 988 6

228 1033 501 1116 quillam
540 1053 710 1117 quae
756 1033 1110 1098 secesserit
1158 1033 1658 1097 multitudinem
1712 1033 1903 1097 fore?
1948 1032 2107 1116 quid
2161 1033 2336 1096 futu-

228 1158 377 1200 rum
423 1137 684 1215 deinde,
720 1136 776 1201 si
821 1138 999 1222 quod
1040 1148 1388 1202 externum
1422 1137 1690 1201 interim
1722 1136 1971 1201 bellurn
2009 1137 2334 1200 exsistat?

231 1241 501 1304 Nullam
528 1240 831 1324 profecto
862 1241 993 1305 nisi
1025 1241 1094 1305 in
1127 1241 1479 1305 concordia
1511 1241 1754 1305 civium
1788 1261 1974 1323 spem
2008 1241 2328 1323 reliquam
2376 1266 2408 1309 7

229 1346 474 1409 ducere
497 1366 513 1422 ;
559 1365 706 1409 eam
753 1365 872 1428 per
915 1365 1127 1429 aequa
1171 1366 1291 1428 per
1334 1345 1562 1428 iniqua
1593 1346 2148 1410 reconciliandam
2183 1345 2335 1409 civi-

225 1449 355 1513 tati
389 1469 557 1513 esse.
651 1449 764 1514 Sic
810 1448 1059 1531 placuit
1107 1449 1314 1532 igitur
1357 1458 1684 1512 oratorem
1718 1450 1801 1513 ad
1834 1449 2097 1531 plebem
2131 1449 2325 1525 mitti,
2379 1461 2406 1505 8

230 1553 623 1616 Menenium
684 1551 1079 1636 Agrippam,
1126 1553 1490 1617 facundum
1536 1552 1749 1617 virum
1804 1562 1892 1628 et,
1939 1553 2117 1636 quod
2179 1552 2333 1617 inde

226 1657 547 1733 oriundus
579 1666 740 1732 erat,
775 1656 954 1740 plebi
984 1677 1227 1721 carum.

319 1762 388 1825 Is
421 1760 844 1825 intromissus
877 1761 946 1824 in
978 1771 1199 1826 castra
1227 1761 1447 1843 prisco
1486 1760 1598 1824 illo
1641 1761 1903 1825 dicendi
1950 1770 2018 1824 et
2064 1761 2331 1825 horrido

225 1865 426 1929 modo
457 1864 624 1929 nihil
654 1864 832 1929 aliud
862 1885 1060 1948 quam
1086 1866 1212 1930 hoc
1244 1885 1551 1929 narrasse
1574 1865 1824 1929 fertur:
1870 1874 2170 1947 tempore
2197 1886 2327 1948 quo
2376 1891 2408 1934 9

226 1969 299 2032 in
346 1968 614 2032 homine
657 1989 813 2045 non,
848 1979 924 2033 ut
970 1989 1169 2046 nunc,
1204 1970 1426 2033 omnia
1470 1969 1539 2032 in
1579 1989 1785 2032 unum
1818 1969 2326 2046 consentientia,

226 2073 349 2137 sed
374 2072 656 2155 singulis
689 2073 1006 2137 membris
1039 2093 1234 2137 suurn
1260 2073 1501 2156 cuique
1527 2072 1896 2149 consilium,
1924 2093 2085 2143 suus
2112 2093 2331 2136 sermo

224 2177 450 2253 fuerit,
487 2178 866 2261 indignatas
899 2178 1185 2261 reliquas
1223 2187 1450 2260 partes
1482 2198 1602 2241 sua
1633 2198 1809 2253 cura,
1844 2197 1965 2241 suo
1996 2178 2219 2240 labore
2250 2198 2329 2241 ac

226 2282 598 2346 ministerio
642 2282 858 2346 ventri
904 2281 1128 2345 omnia
1173 2281 1421 2365 quaeri,
1457 2291 1759 2345 ventrem
1803 2281 1871 2343 in
1903 2281 2123 2344 medio
2154 2281 2332 2364 quie-

226 2397 372 2449 tum
427 2385 589 2448 nihil
648 2386 826 2450 aliud
880 2406 1079 2469 quam
1127 2386 1299 2449 datis
1344 2385 1800 2468 voluptatibus
1845 2384 2012 2462 frui3
2072 2385 2329 2467 conspi-
2379 2408 2435 2441 10

226 2509 412 2554 rasse
458 2489 631 2566 inde,
667 2511 754 2554 ne
797 2510 1036 2553 manus
1082 2490 1168 2553 ad
1212 2510 1287 2553 os
1335 2489 1558 2553 cibum
1595 2489 1869 2564 ferrent,
1904 2508 2028 2552 nec
2060 2509 2134 2552 os
2165 2489 2328 2553 acci·

225 2603 416 2677 peret
479 2595 729 2670 datum,
780 2615 905 2659 nec
965 2595 1204 2658 dentes
1265 2614 1437 2677 quae
1497 2594 1925 2658 conficerent.
2022 2592 2174 2657 Hac
2233 2592 2330 2656 ira

224 2699 384 2762 dum
429 2708 737 2762 ventrem
781 2698 959 2761 fame
1010 2699 1280 2762 domare
1332 2698 1602 2773 vellent,
1647 2696 1794 2780 ipsa
1846 2716 1980 2760 una
2030 2698 2330 2760 membra

223 2811 575 2885 totumque
602 2823 842 2885 corpus
873 2803 956 2866 ad
988 2812 1349 2866 extremam
1381 2803 1608 2865 tabern
1639 2801 1923 2865 venisse.
2021 2801 2187 2864 Inde
2217 2822 2327 2884 ap·
2378 2824 2430 2858 11

221 2907 526 2991 paruisse
568 2907 841 2970 ventris'
872 2926 1135 2990 quoque
1188 2907 1364 2969 haud
1412 2926 1621 2988 segne
1666 2905 2108 2969 ministerium
2156 2925 2324 2983 esse,

222 3031 350 3075 nec
381 3011 596 3094 magis
626 3011 714 3074 ali
748 3030 944 3094 quam
977 3010 1155 3074 alere
1186 3030 1334 3073 eum
1376 3011 1767 3073 reddentem
1816 3010 1884 3073 in
1932 3010 2149 3074 omnis
2192 3030 2330 3074 cor-

221 3114 403 3198 poris
463 3125 688 3198 partes
752 3114 949 3191 hunc,
1005 3135 1137 3197 quo
1185 3114 1472 3177 vivimus
1533 3113 1987 3197 vigemusque,
2041 3114 2326 3177 divisum

219 3218 476 3302 pariter
536 3219 604 3282 in
655 3238 882 3295 venas,
930 3229 1264 3283 maturum
1327 3217 1637 3282 confecto
1697 3218 1847 3282 cibo
1908 3218 2319 3301 sanguinem.

289 3399 334 3453 5.
372 3394 603 3436 mutuo:
642 3387 873 3436 between
891 3385 977 3435 the
996 3392 1096 3435 two
1119 3400 1232 3450 par·
1384 3385 1432 3434 8.
1470 3385 1630 3436 inde:
1694 3386 1772 3435 i.e.
1819 3401 1883 3434 ex
1917 3385 2070 3449 plebe.
2095 3411 2162 3421 —
2183 3385 2330 3434 nihil

220 3454 317 3503 ties
341 3453 392 3501 in
412 3454 499 3501 the
523 3453 637 3515 city.
1319 3452 1502 3501 aliud:
1540 3468 1602 3501 sc.
1620 3452 1810 3517 ficisse,
1827 3466 1857 3499 a
1875 3466 2108 3499 common
2129 3450 2328 3515 ellipsis.

288 3519 336 3568 6.
374 3520 520 3568 fore:
559 3534 645 3568 see
676 3518 763 3568 Gr.
790 3517 900 3581 338.
1318 3545 1387 3554 -
1426 3531 1715 3566 narrasse:
1777 3517 1877 3565 this
1916 3517 2165 3580 apologue
2211 3517 2253 3565 is
2298 3531 2329 3565 a

288 3597 334 3649 7.
359 3586 591 3635 ducere:
617 3584 872 3634 historica}
895 3584 1235 3633 infinitive.—
1321 3583 1701 3647 commonplace
1724 3582 1776 3631 in
1801 3583 2078 3641 literature3
2112 3582 2174 3630 cs.
2195 3583 2327 3631 Xen.

218 3666 321 3717 per
354 3665 551 3714 aequa,
586 3658 710 3700 etc.:
761 3652 838 3700 i.e.
877 3650 944 3713 by
978 3650 1230 3699 whatever
1317 3651 1476 3698 Mem.
1512 3650 1582 3697 11.
1627 3662 1671 3711 3.
1717 3648 1800 3707 183
1844 3648 1949 3696 Cic.
1991 3649 2049 3696 de
2096 3648 2189 3714 Off.
2227 3648 2326 3697 111.

218 3732 493 3774 mensures,
525 3718 751 3766 whether
795 3718 915 3779 they
958 3732 1089 3764 were
1128 3715 1229 3779 just
1319 3727 1363 3781 5.
1389 3728 1479 3773 223
1513 3715 1584 3764 St.
1610 3714 1748 3772 Paul,
1781 3714 2005 3762 Corinth.
2032 3714 2073 3762 1.
2102 3727 2177 3762 12.
2204 3727 2281 3762 21.

217 3790 272 3833 to
307 3782 608 3832 themselves
640 3799 698 3832 or
732 3789 837 3842 not,
860 3782 1021 3831 hence
1054 3789 1106 3831 at
1132 3795 1230 3845 any
1390 3793 1464 3828 10.
1490 3781 1598 3829 hac
1622 3781 1729 3828 ira:
1767 3779 1828 3828 cs.
1849 3780 1888 3828 1.
1907 3792 1984 3840 30.
2003 3794 2097 3839 4n.
2115 3793 2326 3838 —una‚

217 3857 343 3899 eost.
1316 3862 1374 3895 as
1396 3846 1513 3894 well
1518 3862 1543 3907 ,·
1579 3845 1827 3910 froperly,
1854 3850 1865 3870 ‘
1882 3846 2034 3909 along
2056 3845 2209 3895 with!
