<?xml version="1.0" encoding="UTF-8"?>
<!DOCTYPE html PUBLIC "-//W3C//DTD XHTML 1.0 Transitional//EN"
    "http://www.w3.org/TR/xhtml1/DTD/xhtml1-transitional.dtd">
<html xmlns="http://www.w3.org/1999/xhtml" xml:lang="en" lang="en">
 <head>
  <title>
</title>
<meta http-equiv="Content-Type" content="text/html;charset=utf-8" />
  <meta name='ocr-system' content='tesseract 3.04.00' />
  <meta name='ocr-capabilities' content='ocr_page ocr_carea ocr_par ocr_line ocrx_word'/>
</head>
<body>
  <div class='ocr_page' id='page_1' title='image "./livybook00livygoog_0235.png"; bbox 0 0 2792 4316; ppageno 0'>
   <div class='ocr_carea' id='block_1_1' title="bbox 246 323 2457 388">
    <p class='ocr_par' dir='ltr' id='par_1_1' title="bbox 246 323 2457 388">
     <span class='ocr_line' id='line_1_1' title="bbox 246 323 2457 388; baseline -0 -13"><span class='ocrx_word' id='word_1_1' title='bbox 246 326 442 375; x_wconf 62' lang='lat' dir='ltr'><strong>cuns.</strong></span> <span class='ocrx_word' id='word_1_2' title='bbox 468 337 548 388; x_wconf 87' lang='lat'><strong>33,</strong></span> <span class='ocrx_word' id='word_1_3' title='bbox 574 336 652 387; x_wconf 61' lang='lat'><strong>34,</strong></span> <span class='ocrx_word' id='word_1_4' title='bbox 678 325 787 388; x_wconf 88' lang='lat'><strong>35.]</strong></span> <span class='ocrx_word' id='word_1_5' title='bbox 1280 323 1460 371; x_wconf 80' lang='lat' dir='ltr'><strong>LIVV.</strong></span> <span class='ocrx_word' id='word_1_6' title='bbox 2363 323 2457 374; x_wconf 88' lang='grc'><strong>213</strong></span> 
     </span>
    </p>
   </div>
   <div class='ocr_carea' id='block_1_2' title="bbox 245 485 2463 2959">
    <p class='ocr_par' dir='ltr' id='par_1_2' title="bbox 246 485 2354 674">
     <span class='ocr_line' id='line_1_2' title="bbox 246 485 2354 569; baseline -0.002 -17"><span class='ocrx_word' id='word_1_7' title='bbox 246 510 392 553; x_wconf 90' lang='lat' dir='ltr'><strong>rum</strong></span> <span class='ocrx_word' id='word_1_8' title='bbox 432 486 752 562; x_wconf 86' lang='lat' dir='ltr'><strong>Romani,&#39;</strong></span> <span class='ocrx_word' id='word_1_9' title='bbox 764 497 833 550; x_wconf 92' lang='lat' dir='ltr'><strong>et</strong></span> <span class='ocrx_word' id='word_1_10' title='bbox 860 487 1155 550; x_wconf 85' lang='lat' dir='ltr'>Norbam</span> <span class='ocrx_word' id='word_1_11' title='bbox 1183 486 1250 549; x_wconf 93' lang='lat' dir='ltr'><strong>in</strong></span> <span class='ocrx_word' id='word_1_12' title='bbox 1275 485 1523 549; x_wconf 90' lang='lat' dir='ltr'><strong>montis</strong></span> <span class='ocrx_word' id='word_1_13' title='bbox 1550 506 1787 548; x_wconf 91' lang='lat' dir='ltr'><strong>novam</strong></span> <span class='ocrx_word' id='word_1_14' title='bbox 1814 486 2158 562; x_wconf 89' lang='lat' dir='ltr'><strong>coloniam,</strong></span> <span class='ocrx_word' id='word_1_15' title='bbox 2186 506 2354 569; x_wconf 89' lang='lat' dir='ltr'><strong>quae</strong></span> 
     </span>
     <span class='ocr_line' id='line_1_3' title="bbox 246 591 1469 674; baseline -0.004 -18"><span class='ocrx_word' id='word_1_16' title='bbox 246 614 363 656; x_wconf 87' lang='lat' dir='ltr'><strong>arx</strong></span> <span class='ocrx_word' id='word_1_17' title='bbox 395 593 464 655; x_wconf 93' lang='lat' dir='ltr'><strong>in</strong></span> <span class='ocrx_word' id='word_1_18' title='bbox 500 591 853 674; x_wconf 91' lang='lat' dir='ltr'><strong>Pomptino</strong></span> <span class='ocrx_word' id='word_1_19' title='bbox 885 600 1087 666; x_wconf 89' lang='lat' dir='ltr'><strong>esset,</strong></span> <span class='ocrx_word' id='word_1_20' title='bbox 1123 591 1469 654; x_wconf 88' lang='lat' dir='ltr'><strong>miserunt.</strong></span> 
     </span>
    </p>

    <p class='ocr_par' dir='ltr' id='par_1_3' title="bbox 245 693 2463 2835">
     <span class='ocr_line' id='line_1_4' title="bbox 337 693 2429 778; baseline 0.001 -18"><span class='ocrx_word' id='word_1_21' title='bbox 337 698 431 761; x_wconf 89' lang='lat' dir='ltr'><strong>M.</strong></span> <span class='ocrx_word' id='word_1_22' title='bbox 458 695 768 759; x_wconf 89' lang='lat' dir='ltr'><strong>Minucio</strong></span> <span class='ocrx_word' id='word_1_23' title='bbox 794 695 1035 758; x_wconf 92' lang='lat' dir='ltr'><strong>deinde</strong></span> <span class='ocrx_word' id='word_1_24' title='bbox 1061 703 1128 757; x_wconf 90' lang='lat' dir='ltr'><strong>et</strong></span> <span class='ocrx_word' id='word_1_25' title='bbox 1156 694 1238 757; x_wconf 91' lang='lat' dir='ltr'><strong>A.</strong></span> <span class='ocrx_word' id='word_1_26' title='bbox 1273 693 1671 777; x_wconf 87' lang='lat' dir='ltr'><strong>Sempronio</strong></span> <span class='ocrx_word' id='word_1_27' title='bbox 1698 694 2084 758; x_wconf 88' lang='lat' dir='ltr'><strong>consulibus</strong></span> <span class='ocrx_word' id='word_1_28' title='bbox 2111 716 2353 778; x_wconf 91' lang='lat' dir='ltr'><strong>magna</strong></span> <span class='ocrx_word' id='word_1_29' title='bbox 2398 719 2429 763; x_wconf 86' lang='lat'><strong><em>7</em></strong></span> 
     </span>
     <span class='ocr_line' id='line_1_5' title="bbox 245 797 2354 880; baseline -0.001 -16"><span class='ocrx_word' id='word_1_30' title='bbox 245 801 350 864; x_wconf 89' lang='lat' dir='ltr'><strong>vis</strong></span> <span class='ocrx_word' id='word_1_31' title='bbox 389 799 711 862; x_wconf 86' lang='lat' dir='ltr'><strong>frumenti</strong></span> <span class='ocrx_word' id='word_1_32' title='bbox 759 818 840 862; x_wconf 87' lang='lat' dir='ltr'><strong>ex</strong></span> <span class='ocrx_word' id='word_1_33' title='bbox 889 797 1116 862; x_wconf 85' lang='lat' dir='ltr'>Sicilia</span> <span class='ocrx_word' id='word_1_34' title='bbox 1163 797 1458 872; x_wconf 88' lang='lat' dir='ltr'><strong>advecta,</strong></span> <span class='ocrx_word' id='word_1_35' title='bbox 1493 798 1952 880; x_wconf 86' lang='lat' dir='ltr'><strong>agitatumque</strong></span> <span class='ocrx_word' id='word_1_36' title='bbox 2000 798 2068 861; x_wconf 93' lang='lat' dir='ltr'><strong>in</strong></span> <span class='ocrx_word' id='word_1_37' title='bbox 2117 809 2354 862; x_wconf 90' lang='lat' dir='ltr'><strong>senatu</strong></span> 
     </span>
     <span class='ocr_line' id='line_1_6' title="bbox 246 900 2430 988; baseline -0.004 -21"><span class='ocrx_word' id='word_1_38' title='bbox 246 904 483 988; x_wconf 90' lang='lat' dir='ltr'><strong>quanti</strong></span> <span class='ocrx_word' id='word_1_39' title='bbox 516 903 692 986; x_wconf 93' lang='lat' dir='ltr'><strong>plebi</strong></span> <span class='ocrx_word' id='word_1_40' title='bbox 724 904 1007 965; x_wconf 91' lang='lat' dir='ltr'><strong>daretur.</strong></span> <span class='ocrx_word' id='word_1_41' title='bbox 1107 901 1305 964; x_wconf 91' lang='lat' dir='ltr'><strong>Multi</strong></span> <span class='ocrx_word' id='word_1_42' title='bbox 1337 900 1606 964; x_wconf 89' lang='lat' dir='ltr'><strong>venisse</strong></span> <span class='ocrx_word' id='word_1_43' title='bbox 1649 911 1913 983; x_wconf 90' lang='lat' dir='ltr'><strong>tempus</strong></span> <span class='ocrx_word' id='word_1_44' title='bbox 1952 904 2352 983; x_wconf 84' lang='lat' dir='ltr'><strong>premendae</strong></span> <span class='ocrx_word' id='word_1_45' title='bbox 2403 917 2430 959; x_wconf 87' lang='lat'>8</span> 
     </span>
     <span class='ocr_line' id='line_1_7' title="bbox 247 1005 2356 1091; baseline -0.001 -20"><span class='ocrx_word' id='word_1_46' title='bbox 247 1008 465 1091; x_wconf 91' lang='lat' dir='ltr'><strong>plebis</strong></span> <span class='ocrx_word' id='word_1_47' title='bbox 513 1008 839 1090; x_wconf 89' lang='lat' dir='ltr'><strong>putabant</strong></span> <span class='ocrx_word' id='word_1_48' title='bbox 887 1005 1430 1087; x_wconf 89' lang='lat' dir='ltr'><strong>reciperandique</strong></span> <span class='ocrx_word' id='word_1_49' title='bbox 1463 1005 1622 1071; x_wconf 84' lang='lat' dir='ltr'><strong>iura.</strong></span> <span class='ocrx_word' id='word_1_50' title='bbox 1651 1025 1820 1088; x_wconf 89' lang='lat' dir='ltr'><strong>quae</strong></span> <span class='ocrx_word' id='word_1_51' title='bbox 1853 1015 2113 1069; x_wconf 84' lang='lat' dir='ltr'><strong>extorta</strong></span> <span class='ocrx_word' id='word_1_52' title='bbox 2145 1026 2356 1069; x_wconf 87' lang='lat' dir='ltr'><strong>seces-</strong></span> 
     </span>
     <span class='ocr_line' id='line_1_8' title="bbox 248 1109 2358 1192; baseline -0.001 -17"><span class='ocrx_word' id='word_1_53' title='bbox 248 1113 438 1175; x_wconf 91' lang='lat' dir='ltr'><strong>sione</strong></span> <span class='ocrx_word' id='word_1_54' title='bbox 485 1132 563 1174; x_wconf 94' lang='lat' dir='ltr'><strong>ac</strong></span> <span class='ocrx_word' id='word_1_55' title='bbox 608 1112 674 1174; x_wconf 90' lang='lat' dir='ltr'><strong>vi</strong></span> <span class='ocrx_word' id='word_1_56' title='bbox 721 1110 1019 1192; x_wconf 89' lang='lat' dir='ltr'><strong>patribus</strong></span> <span class='ocrx_word' id='word_1_57' title='bbox 1067 1118 1314 1173; x_wconf 89' lang='lat' dir='ltr'><strong>essent.</strong></span> <span class='ocrx_word' id='word_1_58' title='bbox 1414 1109 1493 1171; x_wconf 93' lang='lat' dir='ltr'><strong>In</strong></span> <span class='ocrx_word' id='word_1_59' title='bbox 1538 1110 1768 1191; x_wconf 91' lang='lat' dir='ltr'><strong>primis</strong></span> <span class='ocrx_word' id='word_1_60' title='bbox 1806 1109 2098 1173; x_wconf 89' lang='lat' dir='ltr'><strong>Marcius</strong></span> <span class='ocrx_word' id='word_1_61' title='bbox 2134 1110 2358 1173; x_wconf 91' lang='lat' dir='ltr'><strong>Corio-</strong></span> 
     </span>
     <span class='ocr_line' id='line_1_9' title="bbox 246 1213 2431 1295; baseline 0.001 -16"><span class='ocrx_word' id='word_1_62' title='bbox 246 1217 462 1291; x_wconf 90' lang='lat' dir='ltr'><strong>lanus,</strong></span> <span class='ocrx_word' id='word_1_63' title='bbox 514 1215 728 1278; x_wconf 90' lang='lat' dir='ltr'><strong>hostis</strong></span> <span class='ocrx_word' id='word_1_64' title='bbox 781 1213 1177 1278; x_wconf 86' lang='lat' dir='ltr'><strong>tribuniciae</strong></span> <span class='ocrx_word' id='word_1_65' title='bbox 1231 1213 1606 1295; x_wconf 90' lang='lat' dir='ltr'><strong>potestatis,</strong></span> <span class='ocrx_word' id='word_1_66' title='bbox 1666 1221 1681 1248; x_wconf 86' lang='lat'>‘</span> <span class='ocrx_word' id='word_1_67' title='bbox 1710 1213 1781 1277; x_wconf 90' lang='lat' dir='ltr'><strong>Si</strong></span> <span class='ocrx_word' id='word_1_68' title='bbox 1842 1213 2210 1276; x_wconf 90' lang='lat' dir='ltr'><strong>annonam’</strong></span> <span class='ocrx_word' id='word_1_69' title='bbox 2260 1214 2353 1277; x_wconf 93' lang='lat' dir='ltr'><strong>in-</strong></span> <span class='ocrx_word' id='word_1_70' title='bbox 2400 1238 2431 1282; x_wconf 92' lang='lat'>9</span> 
     </span>
     <span class='ocr_line' id='line_1_10' title="bbox 248 1316 2349 1404; baseline -0.001 -21"><span class='ocrx_word' id='word_1_71' title='bbox 248 1320 392 1404; x_wconf 93' lang='lat' dir='ltr'><strong>quit</strong></span> <span class='ocrx_word' id='word_1_72' title='bbox 445 1327 773 1382; x_wconf 86' lang='lat' dir='ltr'><strong>‘veterem</strong></span> <span class='ocrx_word' id='word_1_73' title='bbox 820 1318 1071 1393; x_wconf 88' lang='lat' dir='ltr'><strong>volunt,</strong></span> <span class='ocrx_word' id='word_1_74' title='bbox 1122 1317 1225 1381; x_wconf 92' lang='lat' dir='ltr'><strong>ius</strong></span> <span class='ocrx_word' id='word_1_75' title='bbox 1287 1316 1643 1399; x_wconf 88' lang='lat' dir='ltr'><strong>pristinum</strong></span> <span class='ocrx_word' id='word_1_76' title='bbox 1700 1318 1979 1380; x_wconf 87' lang='lat' dir='ltr'><strong>reddant</strong></span> <span class='ocrx_word' id='word_1_77' title='bbox 2035 1318 2349 1400; x_wconf 79' lang='lat' dir='ltr'><strong>patribus,</strong></span> 
     </span>
     <span class='ocr_line' id='line_1_11' title="bbox 250 1420 2354 1505; baseline -0 -18"><span class='ocrx_word' id='word_1_78' title='bbox 250 1424 392 1487; x_wconf 90' lang='lat' dir='ltr'><strong>Cur</strong></span> <span class='ocrx_word' id='word_1_79' title='bbox 437 1443 563 1505; x_wconf 90' lang='lat' dir='ltr'><strong>ego</strong></span> <span class='ocrx_word' id='word_1_80' title='bbox 610 1422 905 1504; x_wconf 90' lang='lat' dir='ltr'><strong>plebeios</strong></span> <span class='ocrx_word' id='word_1_81' title='bbox 959 1421 1411 1503; x_wconf 82' lang='lat' dir='ltr'><strong>magistratuS,</strong></span> <span class='ocrx_word' id='word_1_82' title='bbox 1462 1441 1580 1484; x_wconf 91' lang='lat' dir='ltr'><strong>cur</strong></span> <span class='ocrx_word' id='word_1_83' title='bbox 1631 1420 1954 1485; x_wconf 87' lang='lat' dir='ltr'><strong>Sicinium</strong></span> <span class='ocrx_word' id='word_1_84' title='bbox 2009 1432 2354 1503; x_wconf 90' lang='lat' dir='ltr'><strong>potentem</strong></span> 
     </span>
     <span class='ocr_line' id='line_1_12' title="bbox 246 1524 2346 1608; baseline -0.001 -18"><span class='ocrx_word' id='word_1_85' title='bbox 246 1528 461 1603; x_wconf 89' lang='lat' dir='ltr'><strong>vide0‚</strong></span> <span class='ocrx_word' id='word_1_86' title='bbox 514 1527 639 1590; x_wconf 90' lang='lat' dir='ltr'><strong>sub</strong></span> <span class='ocrx_word' id='word_1_87' title='bbox 700 1526 926 1608; x_wconf 89' lang='lat' dir='ltr'><strong>iugum</strong></span> <span class='ocrx_word' id='word_1_88' title='bbox 990 1524 1251 1600; x_wconf 83' lang='lat' dir='ltr'><strong>missuS,</strong></span> <span class='ocrx_word' id='word_1_89' title='bbox 1304 1534 1643 1607; x_wconf 90' lang='lat' dir='ltr'><strong>tamquam</strong></span> <span class='ocrx_word' id='word_1_90' title='bbox 1681 1527 1765 1590; x_wconf 97' lang='lat' dir='ltr'><strong>ab</strong></span> <span class='ocrx_word' id='word_1_91' title='bbox 1801 1525 2171 1589; x_wconf 89' lang='lat' dir='ltr'><strong>latronibus</strong></span> <span class='ocrx_word' id='word_1_92' title='bbox 2204 1526 2346 1588; x_wconf 90' lang='lat' dir='ltr'><strong>red-</strong></span> 
     </span>
     <span class='ocr_line' id='line_1_13' title="bbox 247 1627 2462 1712; baseline -0.001 -18"><span class='ocrx_word' id='word_1_93' title='bbox 247 1633 567 1711; x_wconf 86' lang='lat' dir='ltr'><strong>emptus?</strong></span> <span class='ocrx_word' id='word_1_94' title='bbox 688 1629 925 1712; x_wconf 87' lang='lat' dir='ltr'><strong>Egone</strong></span> <span class='ocrx_word' id='word_1_95' title='bbox 978 1630 1099 1695; x_wconf 90' lang='lat' dir='ltr'><strong>has</strong></span> <span class='ocrx_word' id='word_1_96' title='bbox 1151 1627 1589 1710; x_wconf 86' lang='lat' dir='ltr'><strong>indignitates</strong></span> <span class='ocrx_word' id='word_1_97' title='bbox 1629 1628 1878 1691; x_wconf 89' lang='lat' dir='ltr'><strong>diutius</strong></span> <span class='ocrx_word' id='word_1_98' title='bbox 1912 1629 2127 1711; x_wconf 89' lang='lat' dir='ltr'><strong>patiar</strong></span> <span class='ocrx_word' id='word_1_99' title='bbox 2157 1650 2350 1712; x_wconf 90' lang='lat' dir='ltr'><strong>quam</strong></span> <span class='ocrx_word' id='word_1_100' title='bbox 2406 1653 2462 1685; x_wconf 87' lang='lat'><strong>10</strong></span> 
     </span>
     <span class='ocr_line' id='line_1_14' title="bbox 249 1731 2357 1814; baseline 0 -19"><span class='ocrx_word' id='word_1_101' title='bbox 249 1752 531 1796; x_wconf 88' lang='lat' dir='ltr'><strong>necesse</strong></span> <span class='ocrx_word' id='word_1_102' title='bbox 577 1732 729 1795; x_wconf 90' lang='lat' dir='ltr'><strong>est?</strong></span> <span class='ocrx_word' id='word_1_103' title='bbox 818 1731 1251 1812; x_wconf 88' lang='lat' dir='ltr'><strong>Tarquinium</strong></span> <span class='ocrx_word' id='word_1_104' title='bbox 1295 1751 1521 1814; x_wconf 91' lang='lat' dir='ltr'><strong>regem</strong></span> <span class='ocrx_word' id='word_1_105' title='bbox 1564 1731 1676 1814; x_wconf 94' lang='lat' dir='ltr'><strong>qui</strong></span> <span class='ocrx_word' id='word_1_106' title='bbox 1709 1751 1843 1794; x_wconf 91' lang='lat' dir='ltr'><strong>non</strong></span> <span class='ocrx_word' id='word_1_107' title='bbox 1874 1733 2158 1808; x_wconf 88' lang='lat' dir='ltr'><strong>tulerim,</strong></span> <span class='ocrx_word' id='word_1_108' title='bbox 2198 1733 2357 1798; x_wconf 87' lang='lat' dir='ltr'><strong>Sici-</strong></span> 
     </span>
     <span class='ocr_line' id='line_1_15' title="bbox 249 1835 2359 1919; baseline 0.001 -20"><span class='ocrx_word' id='word_1_109' title='bbox 249 1837 437 1899; x_wconf 91' lang='lat' dir='ltr'><strong>nium</strong></span> <span class='ocrx_word' id='word_1_110' title='bbox 469 1836 726 1898; x_wconf 85' lang='lat' dir='ltr'><strong>feram?</strong></span> <span class='ocrx_word' id='word_1_111' title='bbox 819 1835 1104 1898; x_wconf 89' lang='lat' dir='ltr'><strong>Secedat</strong></span> <span class='ocrx_word' id='word_1_112' title='bbox 1138 1856 1334 1910; x_wconf 90' lang='lat' dir='ltr'><strong>nunc,</strong></span> <span class='ocrx_word' id='word_1_113' title='bbox 1370 1844 1606 1899; x_wconf 90' lang='lat' dir='ltr'><strong>avocet</strong></span> <span class='ocrx_word' id='word_1_114' title='bbox 1660 1835 1965 1917; x_wconf 87' lang='lat' dir='ltr'><strong>plebem:</strong></span> <span class='ocrx_word' id='word_1_115' title='bbox 2012 1847 2196 1919; x_wconf 88' lang='lat' dir='ltr'><strong>patet</strong></span> <span class='ocrx_word' id='word_1_116' title='bbox 2251 1838 2359 1902; x_wconf 88' lang='lat' dir='ltr'><strong>via</strong></span> 
     </span>
     <span class='ocr_line' id='line_1_16' title="bbox 250 1939 2359 2035; baseline 0.001 -32"><span class='ocrx_word' id='word_1_117' title='bbox 250 1940 316 2003; x_wconf 93' lang='lat' dir='ltr'><strong>in</strong></span> <span class='ocrx_word' id='word_1_118' title='bbox 371 1939 650 2004; x_wconf 86' lang='lat' dir='ltr'><strong>Sacrum</strong></span> <span class='ocrx_word' id='word_1_119' title='bbox 698 1948 995 2001; x_wconf 87' lang='lat' dir='ltr'><strong>montem</strong></span> <span class='ocrx_word' id='word_1_120' title='bbox 1045 1939 1344 2022; x_wconf 91' lang='lat' dir='ltr'><strong>aliosque</strong></span> <span class='ocrx_word' id='word_1_121' title='bbox 1374 1939 1595 2002; x_wconf 80' lang='lat' dir='ltr'><strong>colles,</strong></span> <span class='ocrx_word' id='word_1_122' title='bbox 1696 1939 1988 2021; x_wconf 91' lang='lat' dir='ltr'><strong>Rapiant</strong></span> <span class='ocrx_word' id='word_1_123' title='bbox 2021 1940 2359 2035; x_wconf 47' lang='lat' dir='ltr'><strong>ssu-menta</strong></span> 
     </span>
     <span class='ocr_line' id='line_1_17' title="bbox 251 2042 2359 2126; baseline 0.001 -20"><span class='ocrx_word' id='word_1_124' title='bbox 251 2064 333 2106; x_wconf 88' lang='lat' dir='ltr'><strong>ex</strong></span> <span class='ocrx_word' id='word_1_125' title='bbox 365 2043 562 2126; x_wconf 83' lang='lat' dir='ltr'><strong>agriS,</strong></span> <span class='ocrx_word' id='word_1_126' title='bbox 599 2063 796 2126; x_wconf 90' lang='lat' dir='ltr'><strong>quem</strong></span> <span class='ocrx_word' id='word_1_127' title='bbox 844 2043 926 2105; x_wconf 93' lang='lat' dir='ltr'><strong>ad</strong></span> <span class='ocrx_word' id='word_1_128' title='bbox 974 2044 1243 2105; x_wconf 90' lang='lat' dir='ltr'><strong>modurn</strong></span> <span class='ocrx_word' id='word_1_129' title='bbox 1276 2042 1480 2105; x_wconf 91' lang='lat' dir='ltr'><strong>tertio</strong></span> <span class='ocrx_word' id='word_1_130' title='bbox 1512 2062 1689 2105; x_wconf 90' lang='lat' dir='ltr'><strong>anno</strong></span> <span class='ocrx_word' id='word_1_131' title='bbox 1721 2063 2012 2124; x_wconf 88' lang='lat' dir='ltr'><strong>rapuere.</strong></span> <span class='ocrx_word' id='word_1_132' title='bbox 2112 2046 2359 2108; x_wconf 90' lang='lat' dir='ltr'><strong>Fruan-</strong></span> 
     </span>
     <span class='ocr_line' id='line_1_18' title="bbox 250 2146 2459 2231; baseline 0.003 -20"><span class='ocrx_word' id='word_1_133' title='bbox 250 2157 365 2211; x_wconf 89' lang='lat' dir='ltr'><strong>tur</strong></span> <span class='ocrx_word' id='word_1_134' title='bbox 407 2168 691 2222; x_wconf 91' lang='lat' dir='ltr'><strong>annona,</strong></span> <span class='ocrx_word' id='word_1_135' title='bbox 728 2168 924 2231; x_wconf 91' lang='lat' dir='ltr'><strong>quam</strong></span> <span class='ocrx_word' id='word_1_136' title='bbox 956 2146 1181 2210; x_wconf 86' lang='lat' dir='ltr'><strong>furore</strong></span> <span class='ocrx_word' id='word_1_137' title='bbox 1214 2168 1334 2210; x_wconf 91' lang='lat' dir='ltr'><strong>suo</strong></span> <span class='ocrx_word' id='word_1_138' title='bbox 1365 2146 1612 2211; x_wconf 87' lang='lat' dir='ltr'><strong>fecere.</strong></span> <span class='ocrx_word' id='word_1_139' title='bbox 1703 2146 1946 2211; x_wconf 87' lang='lat' dir='ltr'><strong>Audeo</strong></span> <span class='ocrx_word' id='word_1_140' title='bbox 1977 2148 2200 2212; x_wconf 88' lang='lat' dir='ltr'><strong>dicere</strong></span> <span class='ocrx_word' id='word_1_141' title='bbox 2230 2150 2356 2213; x_wconf 93' lang='lat' dir='ltr'><strong>hoc</strong></span> <span class='ocrx_word' id='word_1_142' title='bbox 2407 2172 2459 2217; x_wconf 87' lang='lat'><strong>11.</strong></span> 
     </span>
     <span class='ocr_line' id='line_1_19' title="bbox 251 2251 2354 2336; baseline 0.001 -21"><span class='ocrx_word' id='word_1_143' title='bbox 251 2253 428 2315; x_wconf 87' lang='lat' dir='ltr'><strong>malo</strong></span> <span class='ocrx_word' id='word_1_144' title='bbox 474 2252 763 2315; x_wconf 89' lang='lat' dir='ltr'><strong>domitos</strong></span> <span class='ocrx_word' id='word_1_145' title='bbox 808 2251 989 2333; x_wconf 91' lang='lat' dir='ltr'><strong>ipsos</strong></span> <span class='ocrx_word' id='word_1_146' title='bbox 1036 2251 1259 2334; x_wconf 88' lang='lat' dir='ltr'><strong>potius</strong></span> <span class='ocrx_word' id='word_1_147' title='bbox 1299 2251 1591 2315; x_wconf 89' lang='lat' dir='ltr'><strong>cultores</strong></span> <span class='ocrx_word' id='word_1_148' title='bbox 1624 2272 1933 2334; x_wconf 89' lang='lat' dir='ltr'><strong>agrorum</strong></span> <span class='ocrx_word' id='word_1_149' title='bbox 1965 2253 2124 2330; x_wconf 85' lang='lat' dir='ltr'><strong>fore,</strong></span> <span class='ocrx_word' id='word_1_150' title='bbox 2160 2275 2354 2336; x_wconf 91' lang='lat' dir='ltr'><strong>quam</strong></span> 
     </span>
     <span class='ocr_line' id='line_1_20' title="bbox 252 2354 2463 2440; baseline 0 -21"><span class='ocrx_word' id='word_1_151' title='bbox 252 2367 326 2419; x_wconf 92' lang='lat' dir='ltr'><strong>ut</strong></span> <span class='ocrx_word' id='word_1_152' title='bbox 359 2357 597 2419; x_wconf 89' lang='lat' dir='ltr'><strong>armati</strong></span> <span class='ocrx_word' id='word_1_153' title='bbox 630 2376 747 2437; x_wconf 92' lang='lat' dir='ltr'><strong>per</strong></span> <span class='ocrx_word' id='word_1_154' title='bbox 779 2356 1230 2440; x_wconf 87' lang='lat' dir='ltr'><strong>secessionem</strong></span> <span class='ocrx_word' id='word_1_155' title='bbox 1263 2355 1390 2419; x_wconf 92' lang='lat' dir='ltr'><strong>coli</strong></span> <span class='ocrx_word' id='word_1_156' title='bbox 1431 2354 1869 2437; x_wconf 88' lang='lat' dir='ltr'><strong>prohibeant.’</strong></span> <span class='ocrx_word' id='word_1_157' title='bbox 1967 2356 2171 2420; x_wconf 91' lang='lat' dir='ltr'><strong>Haud</strong></span> <span class='ocrx_word' id='word_1_158' title='bbox 2216 2367 2354 2420; x_wconf 91' lang='lat' dir='ltr'><strong>tam</strong></span> <span class='ocrx_word' id='word_1_159' title='bbox 2409 2381 2463 2413; x_wconf 87' lang='lat'><strong>12</strong></span> 
     </span>
     <span class='ocr_line' id='line_1_21' title="bbox 251 2459 2361 2543; baseline 0 -20"><span class='ocrx_word' id='word_1_160' title='bbox 251 2459 450 2523; x_wconf 87' lang='lat' dir='ltr'><strong>facile</strong></span> <span class='ocrx_word' id='word_1_161' title='bbox 492 2459 678 2523; x_wconf 89' lang='lat' dir='ltr'><strong>dictu</strong></span> <span class='ocrx_word' id='word_1_162' title='bbox 716 2468 820 2523; x_wconf 90' lang='lat' dir='ltr'><strong>est</strong></span> <span class='ocrx_word' id='word_1_163' title='bbox 852 2459 1322 2523; x_wconf 86' lang='lat' dir='ltr'><strong>faciendumne</strong></span> <span class='ocrx_word' id='word_1_164' title='bbox 1353 2459 1575 2534; x_wconf 87' lang='lat' dir='ltr'><strong>fuerit,</strong></span> <span class='ocrx_word' id='word_1_165' title='bbox 1611 2480 1806 2543; x_wconf 90' lang='lat' dir='ltr'><strong>quam</strong></span> <span class='ocrx_word' id='word_1_166' title='bbox 1857 2460 2155 2542; x_wconf 90' lang='lat' dir='ltr'><strong>potuisse</strong></span> <span class='ocrx_word' id='word_1_167' title='bbox 2197 2462 2361 2524; x_wconf 93' lang='lat' dir='ltr'><strong>arbi-</strong></span> 
     </span>
     <span class='ocr_line' id='line_1_22' title="bbox 252 2551 2361 2638; baseline 0.001 -12"><span class='ocrx_word' id='word_1_168' title='bbox 252 2573 395 2626; x_wconf 90' lang='lat' dir='ltr'><strong>tror</strong></span> <span class='ocrx_word' id='word_1_169' title='bbox 439 2563 601 2638; x_wconf 88' lang='lat' dir='ltr'><strong>fieri,</strong></span> <span class='ocrx_word' id='word_1_170' title='bbox 638 2551 709 2627; x_wconf 68' lang='lat' dir='ltr'><strong>dt</strong></span> <span class='ocrx_word' id='word_1_171' title='bbox 758 2564 1257 2627; x_wconf 88' lang='lat' dir='ltr'><strong>condicionibus</strong></span> <span class='ocrx_word' id='word_1_172' title='bbox 1307 2563 1570 2627; x_wconf 89' lang='lat' dir='ltr'><strong>laxandi</strong></span> <span class='ocrx_word' id='word_1_173' title='bbox 1611 2584 1943 2626; x_wconf 88' lang='lat' dir='ltr'><strong>annonam</strong></span> <span class='ocrx_word' id='word_1_174' title='bbox 1979 2574 2046 2628; x_wconf 93' lang='lat' dir='ltr'><strong>et</strong></span> <span class='ocrx_word' id='word_1_175' title='bbox 2086 2566 2361 2629; x_wconf 89' lang='lat' dir='ltr'><strong>tribuni-</strong></span> 
     </span>
     <span class='ocr_line' id='line_1_23' title="bbox 253 2666 2355 2752; baseline 0 -20"><span class='ocrx_word' id='word_1_176' title='bbox 253 2667 423 2732; x_wconf 89' lang='lat' dir='ltr'><strong>ciam</strong></span> <span class='ocrx_word' id='word_1_177' title='bbox 473 2677 877 2749; x_wconf 90' lang='lat' dir='ltr'><strong>potestatem</strong></span> <span class='ocrx_word' id='word_1_178' title='bbox 926 2676 993 2731; x_wconf 92' lang='lat' dir='ltr'><strong>et</strong></span> <span class='ocrx_word' id='word_1_179' title='bbox 1038 2667 1263 2730; x_wconf 91' lang='lat' dir='ltr'><strong>omnia</strong></span> <span class='ocrx_word' id='word_1_180' title='bbox 1307 2666 1537 2731; x_wconf 90' lang='lat' dir='ltr'><strong>invitis</strong></span> <span class='ocrx_word' id='word_1_181' title='bbox 1585 2667 1726 2731; x_wconf 90' lang='lat' dir='ltr'><strong>iura</strong></span> <span class='ocrx_word' id='word_1_182' title='bbox 1772 2667 2084 2751; x_wconf 88' lang='lat' dir='ltr'><strong>imposita</strong></span> <span class='ocrx_word' id='word_1_183' title='bbox 2130 2679 2355 2752; x_wconf 88' lang='lat' dir='ltr'><strong>patres</strong></span> 
     </span>
     <span class='ocr_line' id='line_1_24' title="bbox 253 2771 779 2835; baseline -0.002 0"><span class='ocrx_word' id='word_1_184' title='bbox 253 2773 601 2835; x_wconf 90' lang='lat' dir='ltr'><strong>demerent</strong></span> <span class='ocrx_word' id='word_1_185' title='bbox 636 2771 779 2835; x_wconf 92' lang='lat' dir='ltr'><strong>sibi.</strong></span> 
     </span>
    </p>

    <p class='ocr_par' dir='ltr' id='par_1_4' title="bbox 344 2874 2447 2959">
     <span class='ocr_line' id='line_1_25' title="bbox 344 2874 2447 2959; baseline 0.001 -20"><span class='ocrx_word' id='word_1_186' title='bbox 344 2876 437 2939; x_wconf 90' lang='lat' dir='ltr'><strong>Et</strong></span> <span class='ocrx_word' id='word_1_187' title='bbox 483 2874 745 2940; x_wconf 85' lang='lat' dir='ltr'><strong>senatui</strong></span> <span class='ocrx_word' id='word_1_188' title='bbox 791 2875 989 2939; x_wconf 90' lang='lat' dir='ltr'><strong>nimis</strong></span> <span class='ocrx_word' id='word_1_189' title='bbox 1035 2885 1221 2939; x_wconf 84' lang='lat' dir='ltr'><strong>atrox</strong></span> <span class='ocrx_word' id='word_1_190' title='bbox 1268 2876 1412 2938; x_wconf 88' lang='lat' dir='ltr'><strong>visa</strong></span> <span class='ocrx_word' id='word_1_191' title='bbox 1459 2875 1798 2940; x_wconf 88' lang='lat' dir='ltr'><strong>sententia</strong></span> <span class='ocrx_word' id='word_1_192' title='bbox 1832 2885 1936 2940; x_wconf 88' lang='lat' dir='ltr'><strong>est</strong></span> <span class='ocrx_word' id='word_1_193' title='bbox 1982 2885 2051 2941; x_wconf 89' lang='lat' dir='ltr'><strong>et</strong></span> <span class='ocrx_word' id='word_1_194' title='bbox 2093 2876 2356 2959; x_wconf 88' lang='lat' dir='ltr'><strong>plebem</strong></span> <span class='ocrx_word' id='word_1_195' title='bbox 2389 2887 2447 2942; x_wconf 70' lang='grc' dir='ltr'><strong>δ’</strong></span> 
     </span>
    </p>
   </div>
   <div class='ocr_carea' id='block_1_3' title="bbox 254 3096 2365 3359">
    <p class='ocr_par' dir='ltr' id='par_1_5' title="bbox 254 3096 2365 3225">
     <span class='ocr_line' id='line_1_26' title="bbox 254 3096 2365 3162; baseline -0 -16"><span class='ocrx_word' id='word_1_196' title='bbox 254 3097 417 3146; x_wconf 87' lang='lat' dir='ltr'><strong>above</strong></span> <span class='ocrx_word' id='word_1_197' title='bbox 462 3097 549 3146; x_wconf 90' lang='lat' dir='ltr'><strong>the</strong></span> <span class='ocrx_word' id='word_1_198' title='bbox 595 3098 861 3162; x_wconf 80' lang='lat' dir='ltr'><strong>Pomptine</strong></span> <span class='ocrx_word' id='word_1_199' title='bbox 901 3097 1141 3156; x_wconf 88' lang='lat' dir='ltr'><strong>marshes,</strong></span> <span class='ocrx_word' id='word_1_200' title='bbox 1176 3103 1266 3146; x_wconf 90' lang='lat' dir='ltr'><strong>not</strong></span> <span class='ocrx_word' id='word_1_201' title='bbox 1429 3109 1502 3144; x_wconf 88' lang='lat'><strong>12.</strong></span> <span class='ocrx_word' id='word_1_202' title='bbox 1536 3096 1876 3155; x_wconf 85' lang='lat' dir='ltr'><strong>faciendum,</strong></span> <span class='ocrx_word' id='word_1_203' title='bbox 1891 3103 2014 3145; x_wconf 79' lang='lat' dir='ltr'><strong>etc.:</strong></span> <span class='ocrx_word' id='word_1_204' title='bbox 2043 3096 2122 3146; x_wconf 82' lang='lat' dir='ltr'><strong>i.e.</strong></span> <span class='ocrx_word' id='word_1_205' title='bbox 2141 3097 2365 3146; x_wconf 90' lang='lat' dir='ltr'><strong>whether</strong></span> 
     </span>
     <span class='ocr_line' id='line_1_27' title="bbox 255 3161 2363 3225; baseline -0 -13"><span class='ocrx_word' id='word_1_206' title='bbox 255 3163 332 3212; x_wconf 80' lang='lat' dir='ltr'><strong>far</strong></span> <span class='ocrx_word' id='word_1_207' title='bbox 354 3163 558 3225; x_wconf 89' lang='lat' dir='ltr'><strong>beyond</strong></span> <span class='ocrx_word' id='word_1_208' title='bbox 580 3164 711 3212; x_wconf 90' lang='lat' dir='ltr'><strong>Cora</strong></span> <span class='ocrx_word' id='word_1_209' title='bbox 734 3166 833 3212; x_wconf 91' lang='lat' dir='ltr'><strong>and</strong></span> <span class='ocrx_word' id='word_1_210' title='bbox 858 3164 1093 3212; x_wconf 87' lang='lat' dir='ltr'><strong>Velitrae.</strong></span> <span class='ocrx_word' id='word_1_211' title='bbox 1354 3161 1393 3210; x_wconf 87' lang='lat' dir='ltr'><strong>it</strong></span> <span class='ocrx_word' id='word_1_212' title='bbox 1417 3162 1582 3210; x_wconf 89' lang='lat' dir='ltr'><strong>would</strong></span> <span class='ocrx_word' id='word_1_213' title='bbox 1612 3163 1738 3210; x_wconf 89' lang='lat' dir='ltr'><strong>have</strong></span> <span class='ocrx_word' id='word_1_214' title='bbox 1769 3162 1898 3210; x_wconf 88' lang='lat' dir='ltr'><strong>been</strong></span> <span class='ocrx_word' id='word_1_215' title='bbox 1931 3177 1962 3209; x_wconf 93' lang='lat' dir='ltr'><strong>a</strong></span> <span class='ocrx_word' id='word_1_216' title='bbox 1983 3164 2120 3225; x_wconf 92' lang='lat' dir='ltr'><strong>good</strong></span> <span class='ocrx_word' id='word_1_217' title='bbox 2143 3163 2288 3225; x_wconf 87' lang='lat' dir='ltr'><strong>thing</strong></span> <span class='ocrx_word' id='word_1_218' title='bbox 2309 3171 2363 3211; x_wconf 90' lang='lat' dir='ltr'><strong>to</strong></span> 
     </span>
    </p>

    <p class='ocr_par' dir='ltr' id='par_1_6' title="bbox 255 3228 2365 3359">
     <span class='ocr_line' id='line_1_28' title="bbox 321 3228 2363 3293; baseline 0 -15"><span class='ocrx_word' id='word_1_219' title='bbox 321 3242 368 3290; x_wconf 93' lang='lat'><strong>9.</strong></span> <span class='ocrx_word' id='word_1_220' title='bbox 404 3243 542 3291; x_wconf 85' lang='lat' dir='ltr'><strong>ego:</strong></span> <span class='ocrx_word' id='word_1_221' title='bbox 593 3229 680 3278; x_wconf 88' lang='lat' dir='ltr'><strong>the</strong></span> <span class='ocrx_word' id='word_1_222' title='bbox 727 3246 961 3278; x_wconf 88' lang='lat' dir='ltr'><strong>common</strong></span> <span class='ocrx_word' id='word_1_223' title='bbox 1008 3229 1262 3293; x_wconf 89' lang='lat' dir='ltr'><strong>emphatic</strong></span> <span class='ocrx_word' id='word_1_224' title='bbox 1355 3229 1437 3287; x_wconf 92' lang='lat' dir='ltr'><strong>do,</strong></span> <span class='ocrx_word' id='word_1_225' title='bbox 1461 3244 1515 3276; x_wconf 89' lang='lat' dir='ltr'><strong>as</strong></span> <span class='ocrx_word' id='word_1_226' title='bbox 1538 3228 1646 3277; x_wconf 89' lang='lat' dir='ltr'><strong>that</strong></span> <span class='ocrx_word' id='word_1_227' title='bbox 1671 3235 1708 3276; x_wconf 86' lang='lat' dir='ltr'><strong>1t</strong></span> <span class='ocrx_word' id='word_1_228' title='bbox 1732 3228 1881 3276; x_wconf 92' lang='lat' dir='ltr'><strong>could</strong></span> <span class='ocrx_word' id='word_1_229' title='bbox 1906 3230 2034 3276; x_wconf 88' lang='lat' dir='ltr'><strong>have</strong></span> <span class='ocrx_word' id='word_1_230' title='bbox 2060 3229 2189 3276; x_wconf 89' lang='lat' dir='ltr'><strong>been</strong></span> <span class='ocrx_word' id='word_1_231' title='bbox 2214 3231 2363 3278; x_wconf 90' lang='lat' dir='ltr'><strong>done.</strong></span> 
     </span>
     <span class='ocr_line' id='line_1_29' title="bbox 255 3294 2365 3359; baseline 0 -16"><span class='ocrx_word' id='word_1_232' title='bbox 255 3310 344 3343; x_wconf 86' lang='lat' dir='ltr'><strong>use</strong></span> <span class='ocrx_word' id='word_1_233' title='bbox 379 3295 438 3343; x_wconf 85' lang='lat' dir='ltr'><strong>of</strong></span> <span class='ocrx_word' id='word_1_234' title='bbox 465 3296 551 3342; x_wconf 89' lang='lat' dir='ltr'><strong>the</strong></span> <span class='ocrx_word' id='word_1_235' title='bbox 577 3296 678 3344; x_wconf 89' lang='lat' dir='ltr'><strong>first</strong></span> <span class='ocrx_word' id='word_1_236' title='bbox 701 3295 932 3359; x_wconf 88' lang='lat' dir='ltr'><strong>personal</strong></span> <span class='ocrx_word' id='word_1_237' title='bbox 955 3311 1186 3359; x_wconf 87' lang='lat' dir='ltr'><strong>pronoun</strong></span> <span class='ocrx_word' id='word_1_238' title='bbox 1210 3295 1263 3342; x_wconf 93' lang='lat' dir='ltr'><strong>in</strong></span> <span class='ocrx_word' id='word_1_239' title='bbox 1352 3321 1418 3329; x_wconf 91' lang='lat'>—</span> <span class='ocrx_word' id='word_1_240' title='bbox 1436 3303 1526 3343; x_wconf 85' lang='lat' dir='ltr'><strong>ut:</strong></span> <span class='ocrx_word' id='word_1_241' title='bbox 1561 3295 1646 3341; x_wconf 89' lang='lat' dir='ltr'><strong>the</strong></span> <span class='ocrx_word' id='word_1_242' title='bbox 1665 3294 1860 3355; x_wconf 88' lang='lat' dir='ltr'><strong>regular</strong></span> <span class='ocrx_word' id='word_1_243' title='bbox 1879 3294 2219 3342; x_wconf 88' lang='lat' dir='ltr'><strong>construction</strong></span> <span class='ocrx_word' id='word_1_244' title='bbox 2237 3295 2365 3343; x_wconf 88' lang='lat' dir='ltr'><strong>after</strong></span> 
     </span>
    </p>
   </div>
   <div class='ocr_carea' id='block_1_4' title="bbox 255 3360 2363 3489">
    <p class='ocr_par' dir='ltr' id='par_1_7' title="bbox 255 3360 2363 3489">
     <span class='ocr_line' id='line_1_30' title="bbox 255 3360 2359 3424; baseline 0 -16"><span class='ocrx_word' id='word_1_245' title='bbox 255 3360 522 3424; x_wconf 87' lang='lat' dir='ltr'><strong>colloquial</strong></span> <span class='ocrx_word' id='word_1_246' title='bbox 556 3360 822 3424; x_wconf 86' lang='lat' dir='ltr'><strong>language.</strong></span> <span class='ocrx_word' id='word_1_247' title='bbox 841 3388 902 3397; x_wconf 97' lang='lat'>—</span> <span class='ocrx_word' id='word_1_248' title='bbox 922 3364 1030 3410; x_wconf 78' lang='lat' dir='ltr'><strong>sub</strong></span> <span class='ocrx_word' id='word_1_249' title='bbox 1066 3363 1264 3423; x_wconf 87' lang='lat' dir='ltr'><strong>iugum</strong></span> <span class='ocrx_word' id='word_1_250' title='bbox 1357 3360 1944 3424; x_wconf 56' lang='lat' dir='ltr'><strong>sacena—imposita.</strong></span> <span class='ocrx_word' id='word_1_251' title='bbox 1972 3396 1985 3408; x_wconf 96' lang='lat'><strong>.</strong></span> <span class='ocrx_word' id='word_1_252' title='bbox 2012 3362 2359 3409; x_wconf 74' lang='lat' dir='ltr'><strong>‚demerentz</strong></span> 
     </span>
     <span class='ocr_line' id='line_1_31' title="bbox 255 3425 2363 3489; baseline 0 -15"><span class='ocrx_word' id='word_1_253' title='bbox 255 3427 516 3476; x_wconf 73' lang='lat' dir='ltr'><strong>missusx-</strong></span> <span class='ocrx_word' id='word_1_254' title='bbox 553 3427 606 3474; x_wconf 91' lang='lat' dir='ltr'><strong>in</strong></span> <span class='ocrx_word' id='word_1_255' title='bbox 651 3428 863 3475; x_wconf 85' lang='lat' dir='ltr'><strong>allusion</strong></span> <span class='ocrx_word' id='word_1_256' title='bbox 910 3434 961 3475; x_wconf 93' lang='lat' dir='ltr'><strong>to</strong></span> <span class='ocrx_word' id='word_1_257' title='bbox 1002 3427 1087 3475; x_wconf 89' lang='lat' dir='ltr'><strong>the</strong></span> <span class='ocrx_word' id='word_1_258' title='bbox 1125 3428 1265 3489; x_wconf 89' lang='lat' dir='ltr'><strong>igno·</strong></span> <span class='ocrx_word' id='word_1_259' title='bbox 1355 3426 1496 3474; x_wconf 86' lang='lat' dir='ltr'><strong>these</strong></span> <span class='ocrx_word' id='word_1_260' title='bbox 1538 3425 1696 3488; x_wconf 86' lang='lat' dir='ltr'><strong>rights</strong></span> <span class='ocrx_word' id='word_1_261' title='bbox 1731 3425 1789 3473; x_wconf 91' lang='lat' dir='ltr'><strong>of</strong></span> <span class='ocrx_word' id='word_1_262' title='bbox 1830 3426 1914 3474; x_wconf 90' lang='lat' dir='ltr'><strong>the</strong></span> <span class='ocrx_word' id='word_1_263' title='bbox 1951 3426 2134 3488; x_wconf 89' lang='lat' dir='ltr'><strong>people</strong></span> <span class='ocrx_word' id='word_1_264' title='bbox 2171 3441 2255 3473; x_wconf 89' lang='lat' dir='ltr'><strong>are</strong></span> <span class='ocrx_word' id='word_1_265' title='bbox 2290 3441 2363 3474; x_wconf 87' lang='lat' dir='ltr'><strong>re·</strong></span> 
     </span>
    </p>
   </div>
   <div class='ocr_carea' id='block_1_5' title="bbox 255 3490 2374 3819">
    <p class='ocr_par' dir='ltr' id='par_1_8' title="bbox 255 3490 2285 3621">
     <span class='ocr_line' id='line_1_32' title="bbox 255 3490 2285 3555; baseline 0 -15"><span class='ocrx_word' id='word_1_266' title='bbox 255 3493 473 3541; x_wconf 87' lang='lat' dir='ltr'><strong>minious</strong></span> <span class='ocrx_word' id='word_1_267' title='bbox 496 3494 761 3555; x_wconf 80' lang='lat' dir='ltr'><strong>surrender</strong></span> <span class='ocrx_word' id='word_1_268' title='bbox 784 3493 843 3540; x_wconf 86' lang='lat' dir='ltr'><strong>of</strong></span> <span class='ocrx_word' id='word_1_269' title='bbox 870 3493 955 3540; x_wconf 90' lang='lat' dir='ltr'><strong>the</strong></span> <span class='ocrx_word' id='word_1_270' title='bbox 991 3492 1181 3541; x_wconf 86' lang='lat' dir='ltr'><strong>nobles.</strong></span> <span class='ocrx_word' id='word_1_271' title='bbox 1353 3493 1546 3553; x_wconf 88' lang='lat' dir='ltr'><strong>garded</strong></span> <span class='ocrx_word' id='word_1_272' title='bbox 1569 3507 1625 3539; x_wconf 87' lang='lat' dir='ltr'><strong>as</strong></span> <span class='ocrx_word' id='word_1_273' title='bbox 1649 3491 1868 3540; x_wconf 86' lang='lat' dir='ltr'><strong>burdens</strong></span> <span class='ocrx_word' id='word_1_274' title='bbox 1892 3507 1960 3539; x_wconf 91' lang='lat' dir='ltr'><strong>on</strong></span> <span class='ocrx_word' id='word_1_275' title='bbox 1983 3491 2069 3539; x_wconf 90' lang='lat' dir='ltr'><strong>the</strong></span> <span class='ocrx_word' id='word_1_276' title='bbox 2094 3490 2285 3540; x_wconf 84' lang='lat' dir='ltr'><strong>nobles.</strong></span> 
     </span>
     <span class='ocr_line' id='line_1_33' title="bbox 328 3559 1259 3621; baseline 0 -15"><span class='ocrx_word' id='word_1_277' title='bbox 328 3571 402 3606; x_wconf 87' lang='lat'><strong>10.</strong></span> <span class='ocrx_word' id='word_1_278' title='bbox 440 3559 815 3621; x_wconf 86' lang='lat' dir='ltr'><strong>Tarquinium</strong></span> <span class='ocrx_word' id='word_1_279' title='bbox 844 3594 855 3608; x_wconf 91' lang='lat'><strong>.</strong></span> <span class='ocrx_word' id='word_1_280' title='bbox 883 3595 894 3607; x_wconf 91' lang='lat'><strong>.</strong></span> <span class='ocrx_word' id='word_1_281' title='bbox 923 3595 934 3607; x_wconf 89' lang='lat'><strong>.</strong></span> <span class='ocrx_word' id='word_1_282' title='bbox 952 3559 1259 3608; x_wconf 87' lang='lat' dir='ltr'><strong>Sicinium:</strong></span> 
     </span>
    </p>

    <p class='ocr_par' dir='ltr' id='par_1_9' title="bbox 256 3607 2365 3688">
     <span class='ocr_line' id='line_1_34' title="bbox 256 3607 2365 3688; baseline -0 -16"><span class='ocrx_word' id='word_1_283' title='bbox 256 3624 568 3686; x_wconf 89' lang='lat' dir='ltr'><strong>contrasting</strong></span> <span class='ocrx_word' id='word_1_284' title='bbox 612 3625 741 3672; x_wconf 88' lang='lat' dir='ltr'><strong>their</strong></span> <span class='ocrx_word' id='word_1_285' title='bbox 800 3625 1073 3687; x_wconf 82' lang='lat' dir='ltr'><strong>respective</strong></span> <span class='ocrx_word' id='word_1_286' title='bbox 1132 3624 1263 3688; x_wconf 90' lang='lat' dir='ltr'><strong>posi·</strong></span> <span class='ocrx_word' id='word_1_287' title='bbox 1353 3608 1567 3657; x_wconf 82' lang='lat' dir='ltr'>WRATH</span> <span class='ocrx_word' id='word_1_288' title='bbox 1614 3619 1683 3655; x_wconf 85' lang='lat' dir='ltr'><strong>OF</strong></span> <span class='ocrx_word' id='word_1_289' title='bbox 1724 3619 1837 3655; x_wconf 82' lang='lat' dir='ltr'><strong>THE</strong></span> <span class='ocrx_word' id='word_1_290' title='bbox 1877 3608 2058 3656; x_wconf 85' lang='lat' dir='ltr'><strong>PLEBS.</strong></span> <span class='ocrx_word' id='word_1_291' title='bbox 2130 3607 2365 3655; x_wconf 78' lang='lat' dir='ltr'>BANISH-</span> 
     </span>
    </p>

    <p class='ocr_par' dir='ltr' id='par_1_10' title="bbox 256 3673 2182 3752">
     <span class='ocr_line' id='line_1_35' title="bbox 256 3673 2182 3752; baseline 0 -14"><span class='ocrx_word' id='word_1_292' title='bbox 256 3690 405 3748; x_wconf 88' lang='lat' dir='ltr'><strong>tions,</strong></span> <span class='ocrx_word' id='word_1_293' title='bbox 440 3690 526 3738; x_wconf 90' lang='lat' dir='ltr'><strong>the</strong></span> <span class='ocrx_word' id='word_1_294' title='bbox 579 3705 677 3737; x_wconf 92' lang='lat' dir='ltr'><strong>one</strong></span> <span class='ocrx_word' id='word_1_295' title='bbox 734 3705 765 3738; x_wconf 91' lang='lat' dir='ltr'><strong>a</strong></span> <span class='ocrx_word' id='word_1_296' title='bbox 818 3696 960 3751; x_wconf 88' lang='lat' dir='ltr'><strong>great</strong></span> <span class='ocrx_word' id='word_1_297' title='bbox 1003 3690 1144 3752; x_wconf 87' lang='lat' dir='ltr'><strong>king,</strong></span> <span class='ocrx_word' id='word_1_298' title='bbox 1178 3690 1265 3738; x_wconf 86' lang='lat' dir='ltr'><strong>the</strong></span> <span class='ocrx_word' id='word_1_299' title='bbox 1537 3685 1688 3721; x_wconf 77' lang='lat' dir='ltr'>MENT</span> <span class='ocrx_word' id='word_1_300' title='bbox 1722 3685 1789 3721; x_wconf 81' lang='lat' dir='ltr'><strong>OF</strong></span> <span class='ocrx_word' id='word_1_301' title='bbox 1825 3673 2182 3722; x_wconf 76' lang='lat' dir='ltr'><strong>CORIOLANUS.</strong></span> 
     </span>
    </p>

    <p class='ocr_par' dir='ltr' id='par_1_11' title="bbox 257 3752 2374 3819">
     <span class='ocr_line' id='line_1_36' title="bbox 257 3752 2374 3819; baseline 0 -15"><span class='ocrx_word' id='word_1_302' title='bbox 257 3755 405 3804; x_wconf 88' lang='lat' dir='ltr'><strong>other</strong></span> <span class='ocrx_word' id='word_1_303' title='bbox 427 3771 458 3803; x_wconf 86' lang='lat' dir='ltr'><strong>a</strong></span> <span class='ocrx_word' id='word_1_304' title='bbox 482 3755 578 3802; x_wconf 87' lang='lat' dir='ltr'><strong>low</strong></span> <span class='ocrx_word' id='word_1_305' title='bbox 601 3755 851 3818; x_wconf 81' lang='lat' dir='ltr'><strong>plebeian.</strong></span> <span class='ocrx_word' id='word_1_306' title='bbox 1422 3752 1524 3808; x_wconf 77' lang='lat'><strong>35.</strong></span> <span class='ocrx_word' id='word_1_307' title='bbox 1564 3765 1619 3805; x_wconf 86' lang='lat' dir='ltr'><strong>et</strong></span> <span class='ocrx_word' id='word_1_308' title='bbox 1653 3756 1906 3819; x_wconf 85' lang='lat' dir='ltr'><strong>plebem:</strong></span> <span class='ocrx_word' id='word_1_309' title='bbox 1947 3761 2036 3803; x_wconf 89' lang='lat' dir='ltr'><strong>not</strong></span> <span class='ocrx_word' id='word_1_310' title='bbox 2059 3755 2168 3803; x_wconf 90' lang='lat' dir='ltr'><strong>that</strong></span> <span class='ocrx_word' id='word_1_311' title='bbox 2193 3771 2291 3817; x_wconf 90' lang='lat' dir='ltr'><strong>any</strong></span> <span class='ocrx_word' id='word_1_312' title='bbox 2315 3755 2374 3805; x_wconf 82' lang='lat' dir='ltr'><strong>os</strong></span> 
     </span>
    </p>
   </div>
   <div class='ocr_carea' id='block_1_6' title="bbox 327 3820 2367 3886">
    <p class='ocr_par' dir='ltr' id='par_1_12' title="bbox 327 3820 2367 3886">
     <span class='ocr_line' id='line_1_37' title="bbox 327 3820 2367 3886; baseline 0 -17"><span class='ocrx_word' id='word_1_313' title='bbox 327 3833 403 3869; x_wconf 87' lang='lat'><strong>11.</strong></span> <span class='ocrx_word' id='word_1_314' title='bbox 438 3834 613 3884; x_wconf 87' lang='lat' dir='ltr'><strong>quam</strong></span> <span class='ocrx_word' id='word_1_315' title='bbox 639 3829 728 3870; x_wconf 81' lang='lat' dir='ltr'><strong>ut:</strong></span> <span class='ocrx_word' id='word_1_316' title='bbox 769 3820 831 3869; x_wconf 85' lang='lat' dir='ltr'><strong>cf.</strong></span> <span class='ocrx_word' id='word_1_317' title='bbox 861 3832 934 3886; x_wconf 84' lang='lat'><strong>15.</strong></span> <span class='ocrx_word' id='word_1_318' title='bbox 955 3833 985 3868; x_wconf 89' lang='lat'>2</span> <span class='ocrx_word' id='word_1_319' title='bbox 1008 3835 1058 3876; x_wconf 82' lang='lat' dir='ltr'><strong>n.</strong></span> <span class='ocrx_word' id='word_1_320' title='bbox 1355 3822 1497 3870; x_wconf 85' lang='lat' dir='ltr'><strong>them</strong></span> <span class='ocrx_word' id='word_1_321' title='bbox 1522 3837 1651 3869; x_wconf 88' lang='lat' dir='ltr'><strong>were</strong></span> <span class='ocrx_word' id='word_1_322' title='bbox 1679 3827 1880 3885; x_wconf 89' lang='lat' dir='ltr'><strong>present</strong></span> <span class='ocrx_word' id='word_1_323' title='bbox 1910 3821 1964 3868; x_wconf 89' lang='lat' dir='ltr'><strong>in</strong></span> <span class='ocrx_word' id='word_1_324' title='bbox 1988 3820 2074 3869; x_wconf 89' lang='lat' dir='ltr'><strong>the</strong></span> <span class='ocrx_word' id='word_1_325' title='bbox 2098 3828 2288 3880; x_wconf 88' lang='lat' dir='ltr'><strong>senate,</strong></span> <span class='ocrx_word' id='word_1_326' title='bbox 2312 3836 2367 3870; x_wconf 84' lang='lat' dir='ltr'><strong>as</strong></span> 
     </span>
    </p>
   </div>
  </div>
 </body>
</html>
