2792 4316
291 331 486 381 cmm.
515 344 558 390 1,
588 331 661 397 2.]
1307 334 1488 384 LIVY.
2410 333 2501 385 151

289 516 570 578 regnare
602 517 915 579 passuros
948 517 1072 561 nec
1105 518 1254 561 esse
1292 498 1566 573 Romae,
1602 497 1778 562 unde
1809 497 2173 581 periculum
2209 498 2402 563 liber-

286 601 412 664 tati
458 601 646 664 foret.
747 602 822 664 Id
871 622 1129 664 summa
1175 620 1299 683 ope
1346 603 1671 682 tuendum
1721 621 1889 678 esse,
1931 623 2146 685 neque
2197 604 2397 667 ullam

288 724 429 767 rem
492 724 659 787 quae
723 725 804 767 eo
872 705 1204 786 pertineat
1269 705 1847 770 contemnendam.
1971 708 2261 770 Invitum
2325 729 2400 772 se

287 809 509 872 dicere
555 808 842 872 hominis
890 830 1106 884 causa,
1143 829 1269 872 nec
1300 809 1633 872 dicturum
1668 808 1896 885 fuisse,
1925 811 1993 874 ni
2029 814 2270 876 caritas
2304 812 2398 876 rei

287 913 592 996 publicae
652 913 967 977 vinceret.
1079 914 1234 976 Non
1296 915 1566 977 credere
1628 914 1945 996 populum
2013 918 2392 980 Romanurn
2441 933 2472 977 6

286 1018 564 1081 solidam
624 1018 1002 1081 libertatern
1059 1017 1494 1099 reciperatam
1547 1038 1714 1081 esse.
1816 1021 2104 1103 Regium
2158 1041 2392 1103 genuS,

283 1123 544 1206 regium
576 1143 821 1186 nomen
855 1144 988 1186 non
1023 1122 1237 1186 solum
1268 1122 1335 1186 in
1370 1122 1645 1187 civitate
1679 1125 1798 1187 sed
1834 1126 2034 1188 etiam
2082 1125 2151 1188 in
2197 1125 2397 1206 impe-

284 1225 382 1290 rio
432 1247 622 1305 esse;
681 1227 748 1291 id
798 1227 1080 1304 officere,
1133 1227 1200 1292 id
1248 1228 1517 1291 obstare
1571 1229 1882 1294 libertati.
1986 1229 2229 1292 ‘Hunc
2276 1228 2387 1291 tu’
2438 1253 2469 1296 7

283 1330 501 1414 inquit
576 1338 592 1366 ‘
614 1321 731 1395 tua
795 1332 1159 1409 voluntate,
1227 1333 1300 1396 L.
1378 1332 1716 1417 Tarquini,
1786 1353 2049 1397 remove
2118 1343 2387 1397 metum.

285 1434 736 1512 MeminimuS,
800 1435 1109 1513 fatemur,
1173 1436 1430 1501 eiecisti
1495 1457 1687 1519 reges
1713 1458 1730 1515 3
1805 1438 2074 1500 absolve
2150 1437 2394 1500 benefi-

282 1539 462 1604 cium
516 1550 725 1617 tuum,
759 1540 950 1604 aufer
998 1541 1154 1605 hinc
1203 1541 1464 1625 regium
1515 1562 1776 1605 nomen.
1876 1543 2015 1605 Res
2066 1551 2216 1604 tuas
2270 1541 2392 1604 tibi

283 1665 419 1707 non
472 1645 684 1708 solum
740 1646 1020 1709 reddent
1072 1646 1249 1710 cives
1305 1646 1405 1709 tui
1454 1656 1724 1709 auctore
1778 1665 1901 1721 me,
1957 1647 2073 1709 sed
2124 1646 2180 1708 si
2233 1645 2392 1727 quid

281 1749 493 1824 deest,
529 1750 842 1814 munifice
887 1751 1245 1833 augebunt.
1342 1750 1626 1813 Amicus
1674 1749 1800 1826 abi,
1838 1770 2124 1813 exonera
2170 1749 2393 1813 civita-

280 1861 421 1916 tem
455 1873 628 1916 vano
657 1853 939 1917 forsitan
972 1865 1171 1918 metu.
1248 1855 1353 1918 Ita
1384 1875 1775 1938 persuasum
1809 1863 1911 1917 est
1945 1853 2203 1930 animis,
2237 1874 2389 1917 curn

280 1965 490 2038 gente
520 1957 883 2040 Tarquinia
911 1979 1192 2041 regnum
1225 1958 1380 2022 hinc
1413 1957 1789 2022 abiturum.’
1866 1958 2143 2022 Consuli
2174 1958 2386 2041 primo
2436 1973 2464 2017 8

281 2069 421 2123 tam
468 2081 679 2124 novae
726 2061 821 2125 rei
866 2082 944 2125 ac
991 2063 1252 2126 subitae
1298 2063 1646 2126 admiratio
1708 2062 2066 2125 incluserat
2115 2083 2386 2141 vocem3

281 2165 505 2229 dicere
564 2166 805 2230 deinde
866 2166 1296 2249 incipientem
1349 2168 1673 2250 primores
1722 2167 2010 2230 civitatis
2060 2167 2391 2231 circumsi-

283 2279 493 2346 stunt,
530 2271 762 2334 eadem
810 2270 1037 2334 multis
1083 2271 1392 2354 precibus
1440 2281 1648 2335 orant.
1747 2271 1835 2333 Et
1883 2270 2085 2332 ceteri
2118 2270 2383 2352 quidem
2433 2299 2465 2342 9

280 2375 639 2438 movebant
688 2375 948 2439 minus:
1010 2385 1361 2460 postquam
1414 2375 1692 2457 Spurius
1753 2373 2127 2448 LucretiuS,
2178 2374 2386 2439 maior
2471 2434 2480 2442 .

281 2487 504 2542 aetate
548 2499 625 2542 ac
671 2478 1016 2562 dignitate,
1063 2500 1254 2544 socer
1298 2490 1641 2562 praeterea
1688 2478 1914 2561 ipsiuS,
1965 2498 2165 2559 agere
2209 2479 2387 2542 varie

281 2583 578 2664 rogando
600 2582 873 2646 alternis
900 2585 1370 2666 suadendoque
1395 2584 1633 2665 coepit,
1659 2593 1732 2645 ut
1755 2582 1930 2645 vinci
1957 2601 2029 2645 se
2055 2603 2387 2646 consensu

281 2685 570 2750 civitatis
602 2696 963 2769 pateretur,
987 2688 1233 2751 timens
1267 2688 1520 2763 consul,
1549 2708 1634 2750 ne
1667 2687 2090 2769 postmodum
2125 2688 2383 2769 privato
2436 2716 2491 2750 10

281 2789 407 2854 sibi
455 2791 688 2854 eadem
735 2791 847 2855 illa
893 2811 1043 2855 cum
1082 2792 1407 2855 bonorum
1456 2792 1813 2855 amissione
1857 2790 2215 2875 additaque
2261 2792 2389 2855 alia

279 2891 555 2976 insuper
583 2894 950 2977 ignominia
984 2895 1382 2971 acciderent,
1419 2895 1748 2959 abdicavit
1782 2914 1856 2959 se
1891 2895 2259 2973 consulatu,
2294 2917 2388 2960 re-

278 2997 538 3081 busque
569 2998 708 3062 suis
740 2999 1049 3062 omnibus
1086 2998 1437 3062 Lavinium
1470 2999 1812 3063 translatis
1844 2998 2117 3063 civitate
2160 3001 2382 3065 cessit.

281 3100 528 3164 Brutus
559 3121 642 3165 ex
673 3112 946 3166 senatus
992 3102 1300 3166 consulto
1344 3104 1424 3165 ad
1470 3102 1785 3186 populum
1832 3103 2006 3179 tulit,
2044 3113 2115 3166 ut
2149 3124 2383 3168 omnes
2435 3127 2488 3161 11

278 3203 679 3288 Tarquiniae
724 3205 947 3289 gentis
994 3205 1256 3269 exsules
1304 3216 1550 3270 essent.
1649 3206 1991 3290 Collegam
2031 3207 2157 3271 sibi
2190 3209 2384 3272 comi-

347 3449 390 3500 7.
459 3438 707 3497 absolve,
776 3439 1015 3501 complete.
1050 3464 1116 3474 —
1148 3452 1281 3488 curn
1383 3439 1443 3487 of
1482 3439 1560 3487 his
1594 3439 1752 3488 office.
1771 3440 1966 3489 —alia
2001 3477 2013 3489 .
2050 3477 2062 3489 .
2098 3477 2110 3489 .
2148 3442 2385 3502 ignomi-

278 3511 466 3566 gente,
492 3509 615 3551 etc.:
657 3505 733 3552 i.e.
757 3519 813 3552 so
837 3506 936 3553 and
961 3504 1078 3565 only
1099 3519 1170 3552 so,
1382 3505 1506 3553 nia:
1546 3505 1598 3552 in
1627 3505 1782 3567 being
1811 3505 1983 3553 forced
2018 3512 2070 3554 to
2103 3521 2186 3567 g0,
2211 3506 2287 3554 for
2311 3507 2385 3554 in-

343 3582 388 3629 9.
415 3570 723 3619 movebant
741 3570 947 3627 minus,
962 3577 1074 3628 etc„
1093 3571 1191 3618 did
1200 3577 1288 3618 not
1382 3578 1571 3619 stance.
1587 3597 1651 3606 —
1673 3571 2004 3619 Lavinium:
2044 3577 2097 3618 to
2122 3587 2151 3619 a
2174 3571 2386 3634 friendly

276 3635 423 3700 afflet
449 3635 557 3682 him
593 3636 756 3693 much,
787 3636 884 3693 but,
910 3643 1003 3684 etc.
1020 3663 1085 3671 —
1102 3636 1280 3699 digni·
1382 3636 1577 3698 foreign
1601 3643 1742 3695 state,
1762 3637 1926 3684 rather
1945 3637 2066 3683 than
2090 3643 2143 3684 to
2161 3638 2248 3685 the
2271 3637 2385 3686 hos·

276 3708 408 3758 tate,
434 3701 670 3762 position,
695 3702 747 3749 in
775 3709 969 3765 respect
992 3709 1044 3750 to
1068 3703 1283 3751 services
1382 3702 1469 3751 tile
1496 3703 1780 3759 Etruscans,
1804 3703 1881 3749 his
1904 3717 2016 3749 own
2040 3703 2238 3766 people.

276 3766 379 3814 and
402 3765 907 3830 exploits.—agere,
930 3774 976 3816 to
998 3769 1091 3831 ply
1111 3768 1236 3816 him.
1456 3781 1527 3815 11.
1565 3770 1636 3817 ad
1670 3767 1974 3831 populum:
2013 3784 2088 3815 we
2122 3784 2237 3831 may
2269 3784 2383 3832 sup-

348 3843 423 3882 10.
459 3832 708 3898 privato:
746 3834 873 3884 aster
896 3834 981 3883 the
1006 3833 1282 3900 expiration
1381 3849 1504 3899 pose
1529 3834 1614 3882 the
1638 3835 1840 3881 comitia
1864 3835 2151 3883 centuriata
2176 3835 2229 3883 in
2255 3835 2384 3899 spite
