<?xml version="1.0" encoding="UTF-8"?>
<!DOCTYPE html PUBLIC "-//W3C//DTD XHTML 1.0 Transitional//EN"
    "http://www.w3.org/TR/xhtml1/DTD/xhtml1-transitional.dtd">
<html xmlns="http://www.w3.org/1999/xhtml" xml:lang="en" lang="en">
 <head>
  <title>
</title>
<meta http-equiv="Content-Type" content="text/html;charset=utf-8" />
  <meta name='ocr-system' content='tesseract 3.04.00' />
  <meta name='ocr-capabilities' content='ocr_page ocr_carea ocr_par ocr_line ocrx_word'/>
</head>
<body>
  <div class='ocr_page' id='page_1' title='image "./livybook00livygoog_0186.png"; bbox 0 0 2792 4316; ppageno 0'>
   <div class='ocr_carea' id='block_1_1' title="bbox 314 301 410 351">
    <p class='ocr_par' dir='ltr' id='par_1_1' title="bbox 314 301 410 351">
     <span class='ocr_line' id='line_1_1' title="bbox 314 301 410 351; baseline 0 0"><span class='ocrx_word' id='word_1_1' title='bbox 314 301 410 351; x_wconf 79' lang='lat'><strong>164</strong></span> 
     </span>
    </p>
   </div>
   <div class='ocr_carea' id='block_1_2' title="bbox 1325 303 2532 369">
    <p class='ocr_par' dir='ltr' id='par_1_2' title="bbox 1325 303 2532 369">
     <span class='ocr_line' id='line_1_2' title="bbox 1325 303 2532 369; baseline 0 -15"><span class='ocrx_word' id='word_1_2' title='bbox 1325 305 1512 355; x_wconf 84' lang='lat' dir='ltr'>L1vY.</span> <span class='ocrx_word' id='word_1_3' title='bbox 2243 303 2434 369; x_wconf 66' lang='lat' dir='ltr'><strong>[Boou</strong></span> <span class='ocrx_word' id='word_1_4' title='bbox 2460 306 2532 355; x_wconf 90' lang='lat'><strong>11.</strong></span> 
     </span>
    </p>
   </div>
   <div class='ocr_carea' id='block_1_3' title="bbox 313 467 2530 2736">
    <p class='ocr_par' dir='ltr' id='par_1_3' title="bbox 339 467 2530 1278">
     <span class='ocr_line' id='line_1_3' title="bbox 339 467 2530 552; baseline 0 -22"><span class='ocrx_word' id='word_1_5' title='bbox 339 481 371 524; x_wconf 92' lang='lat'><strong>6</strong></span> <span class='ocrx_word' id='word_1_6' title='bbox 412 467 518 531; x_wconf 91' lang='lat' dir='ltr'><strong>vel</strong></span> <span class='ocrx_word' id='word_1_7' title='bbox 551 489 702 532; x_wconf 91' lang='lat' dir='ltr'><strong>cum</strong></span> <span class='ocrx_word' id='word_1_8' title='bbox 736 468 1056 533; x_wconf 90' lang='lat' dir='ltr'><strong>servitute</strong></span> <span class='ocrx_word' id='word_1_9' title='bbox 1088 490 1322 552; x_wconf 81' lang='lat' dir='ltr'><strong>pacem</strong></span> <span class='ocrx_word' id='word_1_10' title='bbox 1355 469 1705 551; x_wconf 88' lang='lat' dir='ltr'><strong>acciperet.</strong></span> <span class='ocrx_word' id='word_1_11' title='bbox 1788 469 2007 532; x_wconf 88' lang='lat' dir='ltr'><strong>Multa</strong></span> <span class='ocrx_word' id='word_1_12' title='bbox 2036 468 2243 551; x_wconf 91' lang='lat' dir='ltr'><strong>igitur</strong></span> <span class='ocrx_word' id='word_1_13' title='bbox 2272 469 2530 532; x_wconf 89' lang='lat' dir='ltr'><strong>blandi-</strong></span> 
     </span>
     <span class='ocr_line' id='line_1_4' title="bbox 416 572 2530 655; baseline 0.001 -21"><span class='ocrx_word' id='word_1_14' title='bbox 416 583 645 636; x_wconf 89' lang='lat' dir='ltr'><strong>menta</strong></span> <span class='ocrx_word' id='word_1_15' title='bbox 676 574 851 654; x_wconf 92' lang='lat' dir='ltr'><strong>plebi</strong></span> <span class='ocrx_word' id='word_1_16' title='bbox 884 593 1002 655; x_wconf 89' lang='lat' dir='ltr'><strong>per</strong></span> <span class='ocrx_word' id='word_1_17' title='bbox 1033 575 1098 636; x_wconf 94' lang='lat' dir='ltr'><strong>id</strong></span> <span class='ocrx_word' id='word_1_18' title='bbox 1132 584 1399 655; x_wconf 89' lang='lat' dir='ltr'><strong>tempus</strong></span> <span class='ocrx_word' id='word_1_19' title='bbox 1431 574 1516 637; x_wconf 94' lang='lat' dir='ltr'><strong>ab</strong></span> <span class='ocrx_word' id='word_1_20' title='bbox 1549 584 1787 637; x_wconf 90' lang='lat' dir='ltr'><strong>senatu</strong></span> <span class='ocrx_word' id='word_1_21' title='bbox 1826 574 1998 637; x_wconf 89' lang='lat' dir='ltr'><strong>data.</strong></span> <span class='ocrx_word' id='word_1_22' title='bbox 2093 572 2433 635; x_wconf 90' lang='lat' dir='ltr'><strong>Annonae</strong></span> <span class='ocrx_word' id='word_1_23' title='bbox 2460 573 2530 637; x_wconf 93' lang='lat' dir='ltr'><strong>in</strong></span> 
     </span>
     <span class='ocr_line' id='line_1_5' title="bbox 416 676 2529 758; baseline 0.001 -21"><span class='ocrx_word' id='word_1_24' title='bbox 416 676 646 757; x_wconf 91' lang='lat' dir='ltr'><strong>primis</strong></span> <span class='ocrx_word' id='word_1_25' title='bbox 673 676 898 739; x_wconf 90' lang='lat' dir='ltr'><strong>habita</strong></span> <span class='ocrx_word' id='word_1_26' title='bbox 923 698 1095 752; x_wconf 90' lang='lat' dir='ltr'><strong>eura,</strong></span> <span class='ocrx_word' id='word_1_27' title='bbox 1124 688 1191 740; x_wconf 91' lang='lat' dir='ltr'><strong>et</strong></span> <span class='ocrx_word' id='word_1_28' title='bbox 1224 678 1307 740; x_wconf 89' lang='lat' dir='ltr'><strong>ad</strong></span> <span class='ocrx_word' id='word_1_29' title='bbox 1338 677 1753 740; x_wconf 85' lang='lat' dir='ltr'><strong>frumentum</strong></span> <span class='ocrx_word' id='word_1_30' title='bbox 1786 677 2300 758; x_wconf 89' lang='lat' dir='ltr'><strong>comparandum</strong></span> <span class='ocrx_word' id='word_1_31' title='bbox 2336 676 2529 740; x_wconf 88' lang='lat' dir='ltr'><strong>missi</strong></span> 
     </span>
     <span class='ocr_line' id='line_1_6' title="bbox 412 779 2530 864; baseline 0.001 -23"><span class='ocrx_word' id='word_1_32' title='bbox 412 779 523 841; x_wconf 90' lang='lat' dir='ltr'><strong>alii</strong></span> <span class='ocrx_word' id='word_1_33' title='bbox 555 779 624 843; x_wconf 94' lang='lat' dir='ltr'><strong>in</strong></span> <span class='ocrx_word' id='word_1_34' title='bbox 655 780 942 843; x_wconf 87' lang='lat' dir='ltr'>Volscos</span> <span class='ocrx_word' id='word_1_35' title='bbox 974 781 1083 842; x_wconf 91' lang='lat' dir='ltr'><strong>alii</strong></span> <span class='ocrx_word' id='word_1_36' title='bbox 1118 780 1386 844; x_wconf 88' lang='lat' dir='ltr'><strong>Cumas.</strong></span> <span class='ocrx_word' id='word_1_37' title='bbox 1482 781 1655 845; x_wconf 75' lang='lat' dir='ltr'><strong>Salis</strong></span> <span class='ocrx_word' id='word_1_38' title='bbox 1688 801 1951 864; x_wconf 93' lang='lat' dir='ltr'><strong>quoque</strong></span> <span class='ocrx_word' id='word_1_39' title='bbox 1982 780 2319 844; x_wconf 90' lang='lat' dir='ltr'><strong>vendendi</strong></span> <span class='ocrx_word' id='word_1_40' title='bbox 2359 780 2530 843; x_wconf 89' lang='lat' dir='ltr'><strong>arbi·</strong></span> 
     </span>
     <span class='ocr_line' id='line_1_7' title="bbox 413 883 2528 967; baseline 0.001 -22"><span class='ocrx_word' id='word_1_41' title='bbox 413 883 633 959; x_wconf 88' lang='lat' dir='ltr'><strong>trium,</strong></span> <span class='ocrx_word' id='word_1_42' title='bbox 684 884 840 967; x_wconf 91' lang='lat' dir='ltr'><strong>quia</strong></span> <span class='ocrx_word' id='word_1_43' title='bbox 892 884 1195 965; x_wconf 91' lang='lat' dir='ltr'><strong>impenso</strong></span> <span class='ocrx_word' id='word_1_44' title='bbox 1242 885 1457 967; x_wconf 89' lang='lat' dir='ltr'><strong>pretio</strong></span> <span class='ocrx_word' id='word_1_45' title='bbox 1501 885 1792 960; x_wconf 85' lang='lat' dir='ltr'><strong>venibat,</strong></span> <span class='ocrx_word' id='word_1_46' title='bbox 1841 884 1911 947; x_wconf 91' lang='lat' dir='ltr'><strong>in</strong></span> <span class='ocrx_word' id='word_1_47' title='bbox 1955 884 2295 966; x_wconf 91' lang='lat' dir='ltr'><strong>publicum</strong></span> <span class='ocrx_word' id='word_1_48' title='bbox 2343 883 2528 947; x_wconf 87' lang='lat' dir='ltr'><strong>omni</strong></span> 
     </span>
     <span class='ocr_line' id='line_1_8' title="bbox 416 988 2526 1072; baseline 0.001 -22"><span class='ocrx_word' id='word_1_49' title='bbox 416 997 705 1069; x_wconf 91' lang='lat' dir='ltr'><strong>sumptu,</strong></span> <span class='ocrx_word' id='word_1_50' title='bbox 731 989 1115 1070; x_wconf 89' lang='lat' dir='ltr'><strong>ademptum</strong></span> <span class='ocrx_word' id='word_1_51' title='bbox 1137 989 1433 1070; x_wconf 89' lang='lat' dir='ltr'><strong>privatis,</strong></span> <span class='ocrx_word' id='word_1_52' title='bbox 1458 989 1903 1072; x_wconf 88' lang='lat' dir='ltr'><strong>portoriisque</strong></span> <span class='ocrx_word' id='word_1_53' title='bbox 1927 998 1995 1051; x_wconf 93' lang='lat' dir='ltr'><strong>et</strong></span> <span class='ocrx_word' id='word_1_54' title='bbox 2016 989 2267 1051; x_wconf 89' lang='lat' dir='ltr'><strong>tributo</strong></span> <span class='ocrx_word' id='word_1_55' title='bbox 2291 988 2526 1070; x_wconf 90' lang='lat' dir='ltr'><strong>plebes</strong></span> 
     </span>
     <span class='ocr_line' id='line_1_9' title="bbox 412 1090 2524 1176; baseline 0.002 -23"><span class='ocrx_word' id='word_1_56' title='bbox 412 1090 708 1167; x_wconf 90' lang='lat' dir='ltr'><strong>liberata,</strong></span> <span class='ocrx_word' id='word_1_57' title='bbox 747 1102 821 1155; x_wconf 89' lang='lat' dir='ltr'><strong>ut</strong></span> <span class='ocrx_word' id='word_1_58' title='bbox 853 1093 1092 1155; x_wconf 87' lang='lat' dir='ltr'><strong>divites</strong></span> <span class='ocrx_word' id='word_1_59' title='bbox 1140 1093 1540 1168; x_wconf 85' lang='lat' dir='ltr'><strong>conferrent,</strong></span> <span class='ocrx_word' id='word_1_60' title='bbox 1571 1092 1688 1176; x_wconf 90' lang='lat' dir='ltr'><strong>qui</strong></span> <span class='ocrx_word' id='word_1_61' title='bbox 1720 1093 1907 1155; x_wconf 88' lang='lat' dir='ltr'><strong>oneri</strong></span> <span class='ocrx_word' id='word_1_62' title='bbox 1936 1092 2214 1156; x_wconf 85' lang='lat' dir='ltr'><strong>ferendo</strong></span> <span class='ocrx_word' id='word_1_63' title='bbox 2248 1103 2483 1156; x_wconf 92' lang='lat' dir='ltr'><strong>essent</strong></span> <span class='ocrx_word' id='word_1_64' title='bbox 2510 1115 2524 1158; x_wconf 75' lang='grc' dir='ltr'>ε</span> 
     </span>
     <span class='ocr_line' id='line_1_10' title="bbox 413 1196 2518 1278; baseline 0.001 -21"><span class='ocrx_word' id='word_1_65' title='bbox 413 1215 740 1277; x_wconf 83' lang='lat' dir='ltr'>pauperes</span> <span class='ocrx_word' id='word_1_66' title='bbox 790 1196 954 1260; x_wconf 93' lang='lat' dir='ltr'><strong>satis</strong></span> <span class='ocrx_word' id='word_1_67' title='bbox 1005 1197 1321 1278; x_wconf 91' lang='lat' dir='ltr'><strong>stipendii</strong></span> <span class='ocrx_word' id='word_1_68' title='bbox 1371 1198 1680 1278; x_wconf 90' lang='lat' dir='ltr'><strong>pendere,</strong></span> <span class='ocrx_word' id='word_1_69' title='bbox 1727 1196 1783 1260; x_wconf 92' lang='lat' dir='ltr'><strong>si</strong></span> <span class='ocrx_word' id='word_1_70' title='bbox 1837 1197 2083 1261; x_wconf 89' lang='lat' dir='ltr'><strong>liberos</strong></span> <span class='ocrx_word' id='word_1_71' title='bbox 2134 1198 2518 1260; x_wconf 85' lang='lat' dir='ltr'><strong>educerent.</strong></span> 
     </span>
    </p>

    <p class='ocr_par' dir='ltr' id='par_1_4' title="bbox 337 1299 2530 1591">
     <span class='ocr_line' id='line_1_11' title="bbox 337 1299 2526 1384; baseline 0.001 -23"><span class='ocrx_word' id='word_1_72' title='bbox 337 1327 368 1370; x_wconf 88' lang='lat'>7</span> <span class='ocrx_word' id='word_1_73' title='bbox 419 1299 657 1384; x_wconf 91' lang='lat' dir='ltr'><strong>Itaque</strong></span> <span class='ocrx_word' id='word_1_74' title='bbox 682 1299 845 1364; x_wconf 92' lang='lat' dir='ltr'><strong>haec</strong></span> <span class='ocrx_word' id='word_1_75' title='bbox 872 1300 1288 1383; x_wconf 86' lang='lat' dir='ltr'><strong>indulgentia</strong></span> <span class='ocrx_word' id='word_1_76' title='bbox 1306 1311 1570 1382; x_wconf 89' lang='lat' dir='ltr'><strong>patrum</strong></span> <span class='ocrx_word' id='word_1_77' title='bbox 1597 1301 1848 1383; x_wconf 93' lang='lat' dir='ltr'><strong>asperis</strong></span> <span class='ocrx_word' id='word_1_78' title='bbox 1874 1302 2299 1383; x_wconf 89' lang='lat' dir='ltr'><strong>postmodum</strong></span> <span class='ocrx_word' id='word_1_79' title='bbox 2319 1301 2526 1364; x_wconf 85' lang='lat' dir='ltr'><strong>rebus</strong></span> 
     </span>
     <span class='ocr_line' id='line_1_12' title="bbox 412 1403 2523 1481; baseline -0.001 -13"><span class='ocrx_word' id='word_1_80' title='bbox 412 1405 481 1468; x_wconf 90' lang='lat' dir='ltr'><strong>in</strong></span> <span class='ocrx_word' id='word_1_81' title='bbox 527 1404 875 1467; x_wconf 90' lang='lat' dir='ltr'><strong>obsidione</strong></span> <span class='ocrx_word' id='word_1_82' title='bbox 905 1425 982 1467; x_wconf 92' lang='lat' dir='ltr'><strong>ac</strong></span> <span class='ocrx_word' id='word_1_83' title='bbox 1012 1403 1190 1467; x_wconf 85' lang='lat' dir='ltr'><strong>fame</strong></span> <span class='ocrx_word' id='word_1_84' title='bbox 1234 1405 1403 1468; x_wconf 92' lang='lat' dir='ltr'><strong>adeo</strong></span> <span class='ocrx_word' id='word_1_85' title='bbox 1449 1406 1845 1468; x_wconf 88' lang='lat' dir='ltr'><strong>concordem</strong></span> <span class='ocrx_word' id='word_1_86' title='bbox 1892 1405 2232 1468; x_wconf 90' lang='lat' dir='ltr'><strong>civitatem</strong></span> <span class='ocrx_word' id='word_1_87' title='bbox 2278 1404 2523 1481; x_wconf 91' lang='lat' dir='ltr'><strong>tenuit,</strong></span> 
     </span>
     <span class='ocr_line' id='line_1_13' title="bbox 415 1507 2530 1591; baseline 0 -19"><span class='ocrx_word' id='word_1_88' title='bbox 415 1518 490 1573; x_wconf 96' lang='lat' dir='ltr'><strong>ut</strong></span> <span class='ocrx_word' id='word_1_89' title='bbox 522 1508 781 1591; x_wconf 91' lang='lat' dir='ltr'><strong>regium</strong></span> <span class='ocrx_word' id='word_1_90' title='bbox 814 1528 1059 1571; x_wconf 90' lang='lat' dir='ltr'><strong>nomen</strong></span> <span class='ocrx_word' id='word_1_91' title='bbox 1091 1529 1226 1571; x_wconf 90' lang='lat' dir='ltr'><strong>non</strong></span> <span class='ocrx_word' id='word_1_92' title='bbox 1268 1509 1511 1571; x_wconf 90' lang='lat' dir='ltr'><strong>summi</strong></span> <span class='ocrx_word' id='word_1_93' title='bbox 1559 1509 1770 1591; x_wconf 88' lang='lat' dir='ltr'><strong>magis</strong></span> <span class='ocrx_word' id='word_1_94' title='bbox 1802 1529 2002 1591; x_wconf 91' lang='lat' dir='ltr'><strong>quam</strong></span> <span class='ocrx_word' id='word_1_95' title='bbox 2047 1507 2257 1571; x_wconf 89' lang='lat' dir='ltr'><strong>infimi</strong></span> <span class='ocrx_word' id='word_1_96' title='bbox 2302 1508 2530 1572; x_wconf 90' lang='lat' dir='ltr'><strong>horre-</strong></span> 
     </span>
    </p>

    <p class='ocr_par' dir='ltr' id='par_1_5' title="bbox 339 1611 2528 1884">
     <span class='ocr_line' id='line_1_14' title="bbox 339 1611 2528 1695; baseline 0.001 -21"><span class='ocrx_word' id='word_1_97' title='bbox 339 1630 367 1674; x_wconf 76' lang='lat' dir='ltr'><strong>a</strong></span> <span class='ocrx_word' id='word_1_98' title='bbox 415 1622 582 1688; x_wconf 89' lang='lat' dir='ltr'><strong>rent,</strong></span> <span class='ocrx_word' id='word_1_99' title='bbox 618 1632 741 1675; x_wconf 92' lang='lat' dir='ltr'><strong>nec</strong></span> <span class='ocrx_word' id='word_1_100' title='bbox 773 1611 1120 1695; x_wconf 91' lang='lat' dir='ltr'><strong>quisquam</strong></span> <span class='ocrx_word' id='word_1_101' title='bbox 1153 1633 1326 1675; x_wconf 90' lang='lat' dir='ltr'><strong>unus</strong></span> <span class='ocrx_word' id='word_1_102' title='bbox 1358 1612 1550 1675; x_wconf 90' lang='lat' dir='ltr'><strong>malis</strong></span> <span class='ocrx_word' id='word_1_103' title='bbox 1596 1612 1850 1675; x_wconf 90' lang='lat' dir='ltr'><strong>artibus</strong></span> <span class='ocrx_word' id='word_1_104' title='bbox 1882 1622 2118 1695; x_wconf 90' lang='lat' dir='ltr'><strong>postea</strong></span> <span class='ocrx_word' id='word_1_105' title='bbox 2147 1622 2285 1676; x_wconf 84' lang='lat' dir='ltr'><strong>tam</strong></span> <span class='ocrx_word' id='word_1_106' title='bbox 2316 1633 2528 1695; x_wconf 92' lang='lat' dir='ltr'><strong>popu-</strong></span> 
     </span>
     <span class='ocr_line' id='line_1_15' title="bbox 414 1716 2525 1799; baseline 0 -19"><span class='ocrx_word' id='word_1_107' title='bbox 414 1717 568 1780; x_wconf 88' lang='lat' dir='ltr'><strong>laris</strong></span> <span class='ocrx_word' id='word_1_108' title='bbox 609 1725 791 1780; x_wconf 90' lang='lat' dir='ltr'><strong>esset</strong></span> <span class='ocrx_word' id='word_1_109' title='bbox 833 1736 1031 1799; x_wconf 90' lang='lat' dir='ltr'><strong>quam</strong></span> <span class='ocrx_word' id='word_1_110' title='bbox 1063 1726 1204 1779; x_wconf 89' lang='lat' dir='ltr'><strong>tum</strong></span> <span class='ocrx_word' id='word_1_111' title='bbox 1237 1717 1412 1780; x_wconf 92' lang='lat' dir='ltr'><strong>bene</strong></span> <span class='ocrx_word' id='word_1_112' title='bbox 1442 1716 1828 1799; x_wconf 90' lang='lat' dir='ltr'><strong>imperando</strong></span> <span class='ocrx_word' id='word_1_113' title='bbox 1860 1717 2210 1780; x_wconf 88' lang='lat' dir='ltr'><strong>universus</strong></span> <span class='ocrx_word' id='word_1_114' title='bbox 2243 1727 2525 1781; x_wconf 90' lang='lat' dir='ltr'><strong>senatus</strong></span> 
     </span>
     <span class='ocr_line' id='line_1_16' title="bbox 413 1820 561 1884; baseline 0.014 -2"><span class='ocrx_word' id='word_1_115' title='bbox 413 1820 561 1884; x_wconf 86' lang='lat' dir='ltr'><strong>fuit.</strong></span> 
     </span>
    </p>

    <p class='ocr_par' dir='ltr' id='par_1_6' title="bbox 313 1923 2523 2110">
     <span class='ocr_line' id='line_1_17' title="bbox 313 1923 2523 2008; baseline -0.001 -17"><span class='ocrx_word' id='word_1_116' title='bbox 313 1937 389 1991; x_wconf 87' lang='lat'><strong>10</strong></span> <span class='ocrx_word' id='word_1_117' title='bbox 502 1924 676 1989; x_wconf 89' lang='lat' dir='ltr'><strong>Cum</strong></span> <span class='ocrx_word' id='word_1_118' title='bbox 708 1924 940 1987; x_wconf 92' lang='lat' dir='ltr'><strong>hostes</strong></span> <span class='ocrx_word' id='word_1_119' title='bbox 970 1924 1306 2000; x_wconf 84' lang='lat' dir='ltr'><strong>adessent,</strong></span> <span class='ocrx_word' id='word_1_120' title='bbox 1334 1945 1456 2006; x_wconf 89' lang='lat' dir='ltr'><strong>pro</strong></span> <span class='ocrx_word' id='word_1_121' title='bbox 1481 1944 1554 1988; x_wconf 91' lang='lat' dir='ltr'><strong>se</strong></span> <span class='ocrx_word' id='word_1_122' title='bbox 1577 1923 1857 2008; x_wconf 91' lang='lat' dir='ltr'><strong>quisque</strong></span> <span class='ocrx_word' id='word_1_123' title='bbox 1886 1923 1953 1987; x_wconf 93' lang='lat' dir='ltr'><strong>in</strong></span> <span class='ocrx_word' id='word_1_124' title='bbox 1980 1925 2209 1987; x_wconf 89' lang='lat' dir='ltr'><strong>urbem</strong></span> <span class='ocrx_word' id='word_1_125' title='bbox 2235 1944 2317 1987; x_wconf 87' lang='lat' dir='ltr'><strong>ex</strong></span> <span class='ocrx_word' id='word_1_126' title='bbox 2339 1924 2523 2007; x_wconf 85' lang='lat' dir='ltr'><strong>agris</strong></span> 
     </span>
     <span class='ocr_line' id='line_1_18' title="bbox 411 2028 2521 2110; baseline -0.001 -17"><span class='ocrx_word' id='word_1_127' title='bbox 411 2028 805 2110; x_wconf 85' lang='lat' dir='ltr'><strong>demigrant,</strong></span> <span class='ocrx_word' id='word_1_128' title='bbox 834 2028 1068 2091; x_wconf 90' lang='lat' dir='ltr'><strong>urbem</strong></span> <span class='ocrx_word' id='word_1_129' title='bbox 1095 2028 1306 2109; x_wconf 89' lang='lat' dir='ltr'><strong>ipsam</strong></span> <span class='ocrx_word' id='word_1_130' title='bbox 1340 2029 1646 2110; x_wconf 87' lang='lat' dir='ltr'><strong>saepiunt</strong></span> <span class='ocrx_word' id='word_1_131' title='bbox 1673 2029 2036 2110; x_wconf 76' lang='lat' dir='ltr'><strong>praesidiis</strong></span> <span class='ocrx_word' id='word_1_132' title='bbox 2105 2028 2263 2090; x_wconf 92' lang='lat' dir='ltr'><strong>Alia</strong></span> <span class='ocrx_word' id='word_1_133' title='bbox 2286 2029 2521 2104; x_wconf 88' lang='lat' dir='ltr'><strong>muris,</strong></span> 
     </span>
    </p>

    <p class='ocr_par' dir='ltr' id='par_1_7' title="bbox 338 2130 2526 2406">
     <span class='ocr_line' id='line_1_19' title="bbox 338 2130 2526 2198; baseline 0.001 -5"><span class='ocrx_word' id='word_1_134' title='bbox 338 2162 368 2193; x_wconf 85' lang='lat'>2</span> <span class='ocrx_word' id='word_1_135' title='bbox 411 2133 537 2198; x_wconf 92' lang='lat' dir='ltr'><strong>alia</strong></span> <span class='ocrx_word' id='word_1_136' title='bbox 566 2130 798 2196; x_wconf 90' lang='lat' dir='ltr'><strong>Tiberi</strong></span> <span class='ocrx_word' id='word_1_137' title='bbox 829 2131 1093 2195; x_wconf 90' lang='lat' dir='ltr'><strong>obiecto</strong></span> <span class='ocrx_word' id='word_1_138' title='bbox 1123 2131 1524 2196; x_wconf 87' lang='lat' dir='ltr'><strong>videbantur</strong></span> <span class='ocrx_word' id='word_1_139' title='bbox 1554 2137 1716 2197; x_wconf 83' lang='lat' dir='ltr'><strong>tuta.</strong></span> <span class='ocrx_word' id='word_1_140' title='bbox 1815 2132 1990 2196; x_wconf 93' lang='lat' dir='ltr'><strong>Pons</strong></span> <span class='ocrx_word' id='word_1_141' title='bbox 2038 2132 2355 2196; x_wconf 90' lang='lat' dir='ltr'><strong>sublicius</strong></span> <span class='ocrx_word' id='word_1_142' title='bbox 2390 2134 2526 2196; x_wconf 88' lang='lat' dir='ltr'><strong>iter</strong></span> 
     </span>
     <span class='ocr_line' id='line_1_20' title="bbox 413 2235 2522 2320; baseline 0 -19"><span class='ocrx_word' id='word_1_143' title='bbox 413 2256 626 2320; x_wconf 92' lang='lat' dir='ltr'><strong>paene</strong></span> <span class='ocrx_word' id='word_1_144' title='bbox 649 2235 957 2299; x_wconf 89' lang='lat' dir='ltr'><strong>hostibus</strong></span> <span class='ocrx_word' id='word_1_145' title='bbox 982 2236 1184 2312; x_wconf 91' lang='lat' dir='ltr'><strong>dedit,</strong></span> <span class='ocrx_word' id='word_1_146' title='bbox 1209 2237 1278 2299; x_wconf 89' lang='lat' dir='ltr'><strong>ni</strong></span> <span class='ocrx_word' id='word_1_147' title='bbox 1303 2257 1476 2299; x_wconf 91' lang='lat' dir='ltr'><strong>unus</strong></span> <span class='ocrx_word' id='word_1_148' title='bbox 1495 2237 1593 2300; x_wconf 87' lang='lat' dir='ltr'><strong>vir</strong></span> <span class='ocrx_word' id='word_1_149' title='bbox 1614 2237 1854 2300; x_wconf 86' lang='lat' dir='ltr'><strong>fuisset</strong></span> <span class='ocrx_word' id='word_1_150' title='bbox 1884 2237 2208 2301; x_wconf 84' lang='lat' dir='ltr'><strong>Horatius</strong></span> <span class='ocrx_word' id='word_1_151' title='bbox 2236 2236 2478 2300; x_wconf 90' lang='lat' dir='ltr'><strong>Cocles</strong></span> <span class='ocrx_word' id='word_1_152' title='bbox 2505 2260 2522 2302; x_wconf 79' lang='lat' dir='ltr'><strong><em>z</em></strong></span> 
     </span>
     <span class='ocr_line' id='line_1_21' title="bbox 410 2339 2512 2406; baseline 0 -1"><span class='ocrx_word' id='word_1_153' title='bbox 410 2342 476 2405; x_wconf 92' lang='lat' dir='ltr'><strong>id</strong></span> <span class='ocrx_word' id='word_1_154' title='bbox 509 2340 1000 2403; x_wconf 87' lang='lat' dir='ltr'><strong>munimentum</strong></span> <span class='ocrx_word' id='word_1_155' title='bbox 1032 2339 1145 2403; x_wconf 93' lang='lat' dir='ltr'><strong>illo</strong></span> <span class='ocrx_word' id='word_1_156' title='bbox 1177 2340 1285 2403; x_wconf 93' lang='lat' dir='ltr'><strong>die</strong></span> <span class='ocrx_word' id='word_1_157' title='bbox 1315 2340 1587 2404; x_wconf 86' lang='lat' dir='ltr'><strong>fortuna</strong></span> <span class='ocrx_word' id='word_1_158' title='bbox 1632 2340 1815 2404; x_wconf 90' lang='lat' dir='ltr'><strong>urbis</strong></span> <span class='ocrx_word' id='word_1_159' title='bbox 1864 2341 2209 2404; x_wconf 88' lang='lat' dir='ltr'><strong>Romanae</strong></span> <span class='ocrx_word' id='word_1_160' title='bbox 2255 2340 2512 2406; x_wconf 89' lang='lat' dir='ltr'><strong>habuit.</strong></span> 
     </span>
    </p>

    <p class='ocr_par' dir='ltr' id='par_1_8' title="bbox 334 2442 2522 2736">
     <span class='ocr_line' id='line_1_22' title="bbox 334 2442 2522 2528; baseline 0 -20"><span class='ocrx_word' id='word_1_161' title='bbox 334 2472 364 2518; x_wconf 85' lang='lat'><strong>3</strong></span> <span class='ocrx_word' id='word_1_162' title='bbox 413 2445 546 2528; x_wconf 83' lang='lat' dir='ltr'><strong>Qui</strong></span> <span class='ocrx_word' id='word_1_163' title='bbox 580 2444 836 2526; x_wconf 90' lang='lat' dir='ltr'><strong>positus</strong></span> <span class='ocrx_word' id='word_1_164' title='bbox 866 2443 1042 2507; x_wconf 85' lang='lat' dir='ltr'><strong>forte</strong></span> <span class='ocrx_word' id='word_1_165' title='bbox 1085 2442 1155 2506; x_wconf 92' lang='lat' dir='ltr'><strong>in</strong></span> <span class='ocrx_word' id='word_1_166' title='bbox 1197 2444 1487 2508; x_wconf 89' lang='lat' dir='ltr'><strong>statione</strong></span> <span class='ocrx_word' id='word_1_167' title='bbox 1518 2443 1759 2526; x_wconf 91' lang='lat' dir='ltr'><strong>pontis,</strong></span> <span class='ocrx_word' id='word_1_168' title='bbox 1795 2465 1948 2508; x_wconf 90' lang='lat' dir='ltr'><strong>cum</strong></span> <span class='ocrx_word' id='word_1_169' title='bbox 1981 2455 2247 2526; x_wconf 90' lang='lat' dir='ltr'><strong>captum</strong></span> <span class='ocrx_word' id='word_1_170' title='bbox 2283 2466 2522 2527; x_wconf 90' lang='lat' dir='ltr'><strong>repen-</strong></span> 
     </span>
     <span class='ocr_line' id='line_1_23' title="bbox 410 2547 2520 2631; baseline 0 -19"><span class='ocrx_word' id='word_1_171' title='bbox 410 2550 554 2613; x_wconf 91' lang='lat' dir='ltr'><strong>tino</strong></span> <span class='ocrx_word' id='word_1_172' title='bbox 577 2548 830 2629; x_wconf 90' lang='lat' dir='ltr'><strong>impetu</strong></span> <span class='ocrx_word' id='word_1_173' title='bbox 854 2547 1224 2611; x_wconf 89' lang='lat' dir='ltr'><strong>Ianiculum</strong></span> <span class='ocrx_word' id='word_1_174' title='bbox 1246 2557 1447 2631; x_wconf 93' lang='lat' dir='ltr'><strong>atque</strong></span> <span class='ocrx_word' id='word_1_175' title='bbox 1467 2547 1622 2610; x_wconf 93' lang='lat' dir='ltr'><strong>inde</strong></span> <span class='ocrx_word' id='word_1_176' title='bbox 1647 2548 1888 2612; x_wconf 89' lang='lat' dir='ltr'><strong>citatos</strong></span> <span class='ocrx_word' id='word_1_177' title='bbox 1907 2548 2257 2612; x_wconf 90' lang='lat' dir='ltr'><strong>decurrere</strong></span> <span class='ocrx_word' id='word_1_178' title='bbox 2282 2548 2520 2613; x_wconf 92' lang='lat' dir='ltr'><strong>hostes</strong></span> 
     </span>
     <span class='ocr_line' id='line_1_24' title="bbox 406 2650 2518 2736; baseline 0.001 -21"><span class='ocrx_word' id='word_1_179' title='bbox 406 2652 704 2727; x_wconf 90' lang='lat' dir='ltr'><strong>vidisset,</strong></span> <span class='ocrx_word' id='word_1_180' title='bbox 752 2650 1212 2734; x_wconf 89' lang='lat' dir='ltr'><strong>trepidamque</strong></span> <span class='ocrx_word' id='word_1_181' title='bbox 1257 2651 1523 2715; x_wconf 88' lang='lat' dir='ltr'><strong>turbam</strong></span> <span class='ocrx_word' id='word_1_182' title='bbox 1570 2672 1840 2715; x_wconf 91' lang='lat' dir='ltr'><strong>suorum</strong></span> <span class='ocrx_word' id='word_1_183' title='bbox 1886 2672 2069 2714; x_wconf 90' lang='lat' dir='ltr'><strong>arma</strong></span> <span class='ocrx_word' id='word_1_184' title='bbox 2113 2651 2518 2736; x_wconf 89' lang='lat' dir='ltr'><strong>ordinesque</strong></span> 
     </span>
    </p>
   </div>
   <div class='ocr_carea' id='block_1_4' title="bbox 1573 2815 2519 2879">
    <p class='ocr_par' dir='ltr' id='par_1_9' title="bbox 1573 2815 2519 2879">
     <span class='ocr_line' id='line_1_25' title="bbox 1573 2815 2519 2879; baseline 0.001 -14"><span class='ocrx_word' id='word_1_185' title='bbox 1573 2815 1619 2865; x_wconf 89' lang='lat'><strong>8.</strong></span> <span class='ocrx_word' id='word_1_186' title='bbox 1654 2828 1835 2865; x_wconf 77' lang='lat' dir='ltr'><strong>unus:</strong></span> <span class='ocrx_word' id='word_1_187' title='bbox 1889 2817 1964 2865; x_wconf 77' lang='lat' dir='ltr'><strong>i.e.</strong></span> <span class='ocrx_word' id='word_1_188' title='bbox 2006 2832 2105 2878; x_wconf 88' lang='lat' dir='ltr'><strong>any</strong></span> <span class='ocrx_word' id='word_1_189' title='bbox 2140 2815 2300 2879; x_wconf 88' lang='lat' dir='ltr'><strong>single</strong></span> <span class='ocrx_word' id='word_1_190' title='bbox 2343 2819 2519 2866; x_wconf 87' lang='lat' dir='ltr'><strong>dema-</strong></span> 
     </span>
    </p>
   </div>
   <div class='ocr_carea' id='block_1_5' title="bbox 473 2814 2519 2944">
    <p class='ocr_par' dir='ltr' id='par_1_10' title="bbox 473 2814 2519 2944">
     <span class='ocr_line' id='line_1_26' title="bbox 473 2814 1415 2880; baseline 0.003 -17"><span class='ocrx_word' id='word_1_191' title='bbox 473 2814 518 2863; x_wconf 87' lang='lat'><strong>6.</strong></span> <span class='ocrx_word' id='word_1_192' title='bbox 551 2814 955 2873; x_wconf 86' lang='lat' dir='ltr'><strong>blandimenta,</strong></span> <span class='ocrx_word' id='word_1_193' title='bbox 965 2816 1181 2880; x_wconf 78' lang='lat' dir='ltr'><strong>fizvors,·</strong></span> <span class='ocrx_word' id='word_1_194' title='bbox 1211 2816 1415 2866; x_wconf 88' lang='lat' dir='ltr'><strong>concili-</strong></span> 
     </span>
     <span class='ocr_line' id='line_1_27' title="bbox 1506 2881 2519 2944; baseline 0.003 -14"><span class='ocrx_word' id='word_1_195' title='bbox 1506 2897 1670 2944; x_wconf 82' lang='lat' dir='ltr'><strong>gogue</strong></span> <span class='ocrx_word' id='word_1_196' title='bbox 1695 2881 1753 2930; x_wconf 89' lang='lat' dir='ltr'><strong>of</strong></span> <span class='ocrx_word' id='word_1_197' title='bbox 1780 2882 1905 2931; x_wconf 89' lang='lat' dir='ltr'><strong>later</strong></span> <span class='ocrx_word' id='word_1_198' title='bbox 1928 2882 2353 2931; x_wconf 58' lang='lat' dir='ltr'><strong>times—malis</strong></span> <span class='ocrx_word' id='word_1_199' title='bbox 2390 2886 2519 2933; x_wconf 85' lang='lat' dir='ltr'><strong>arti-</strong></span> 
     </span>
    </p>
   </div>
   <div class='ocr_carea' id='block_1_6' title="bbox 407 2887 1406 2942">
    <p class='ocr_par' dir='ltr' id='par_1_11' title="bbox 407 2887 1406 2942">
     <span class='ocr_line' id='line_1_28' title="bbox 407 2887 1406 2942; baseline 0.002 -14"><span class='ocrx_word' id='word_1_200' title='bbox 407 2887 547 2942; x_wconf 85' lang='lat' dir='ltr'><strong>atory</strong></span> <span class='ocrx_word' id='word_1_201' title='bbox 586 2896 1233 2941; x_wconf 84' lang='lat' dir='ltr'><strong>measures.—annonae,</strong></span> <span class='ocrx_word' id='word_1_202' title='bbox 1279 2889 1406 2942; x_wconf 86' lang='lat' dir='ltr'><strong>etc.;</strong></span> 
     </span>
    </p>
   </div>
   <div class='ocr_carea' id='block_1_7' title="bbox 394 2946 1417 3851">
    <p class='ocr_par' dir='ltr' id='par_1_12' title="bbox 394 2946 1417 3851">
     <span class='ocr_line' id='line_1_29' title="bbox 407 2946 1415 2999; baseline 0.004 -5"><span class='ocrx_word' id='word_1_203' title='bbox 407 2947 486 2994; x_wconf 86' lang='lat' dir='ltr'><strong>i.e.</strong></span> <span class='ocrx_word' id='word_1_204' title='bbox 506 2953 558 2994; x_wconf 92' lang='lat' dir='ltr'><strong>to</strong></span> <span class='ocrx_word' id='word_1_205' title='bbox 577 2946 757 2993; x_wconf 87' lang='lat' dir='ltr'><strong>relieve</strong></span> <span class='ocrx_word' id='word_1_206' title='bbox 781 2947 867 2994; x_wconf 89' lang='lat' dir='ltr'><strong>the</strong></span> <span class='ocrx_word' id='word_1_207' title='bbox 887 2947 1087 2995; x_wconf 89' lang='lat' dir='ltr'><strong>distress</strong></span> <span class='ocrx_word' id='word_1_208' title='bbox 1112 2949 1415 2999; x_wconf 87' lang='lat' dir='ltr'><strong>occasioned</strong></span> 
     </span>
     <span class='ocr_line' id='line_1_30' title="bbox 405 3011 1413 3075; baseline 0.005 -15"><span class='ocrx_word' id='word_1_209' title='bbox 405 3011 472 3073; x_wconf 89' lang='lat' dir='ltr'><strong>by</strong></span> <span class='ocrx_word' id='word_1_210' title='bbox 495 3012 580 3060; x_wconf 87' lang='lat' dir='ltr'><strong>the</strong></span> <span class='ocrx_word' id='word_1_211' title='bbox 604 3012 726 3073; x_wconf 88' lang='lat' dir='ltr'><strong>high</strong></span> <span class='ocrx_word' id='word_1_212' title='bbox 751 3012 886 3075; x_wconf 87' lang='lat' dir='ltr'><strong>price</strong></span> <span class='ocrx_word' id='word_1_213' title='bbox 911 3011 968 3060; x_wconf 87' lang='lat' dir='ltr'><strong>of</strong></span> <span class='ocrx_word' id='word_1_214' title='bbox 995 3014 1156 3075; x_wconf 89' lang='lat' dir='ltr'><strong>grain.</strong></span> <span class='ocrx_word' id='word_1_215' title='bbox 1174 3041 1242 3050; x_wconf 95' lang='lat'>—</span> <span class='ocrx_word' id='word_1_216' title='bbox 1257 3016 1413 3073; x_wconf 69' lang='lat' dir='ltr'><strong>salia,</strong></span> 
     </span>
     <span class='ocr_line' id='line_1_31' title="bbox 407 3076 1416 3139; baseline 0.005 -14"><span class='ocrx_word' id='word_1_217' title='bbox 407 3084 531 3125; x_wconf 86' lang='lat' dir='ltr'><strong>etc.:</strong></span> <span class='ocrx_word' id='word_1_218' title='bbox 560 3076 621 3125; x_wconf 84' lang='lat' dir='ltr'><strong>cf.</strong></span> <span class='ocrx_word' id='word_1_219' title='bbox 644 3077 684 3126; x_wconf 90' lang='grc' dir='ltr'><strong>Ι.</strong></span> <span class='ocrx_word' id='word_1_220' title='bbox 705 3090 782 3139; x_wconf 89' lang='lat'><strong>33.</strong></span> <span class='ocrx_word' id='word_1_221' title='bbox 801 3091 848 3138; x_wconf 93' lang='lat'><strong>9.</strong></span> <span class='ocrx_word' id='word_1_222' title='bbox 882 3079 991 3125; x_wconf 92' lang='lat' dir='ltr'><strong>The</strong></span> <span class='ocrx_word' id='word_1_223' title='bbox 1012 3079 1165 3128; x_wconf 87' lang='lat' dir='ltr'><strong>traffic</strong></span> <span class='ocrx_word' id='word_1_224' title='bbox 1185 3096 1287 3129; x_wconf 85' lang='lat' dir='ltr'><strong>was</strong></span> <span class='ocrx_word' id='word_1_225' title='bbox 1302 3097 1416 3129; x_wconf 84' lang='lat' dir='ltr'><strong>now</strong></span> 
     </span>
     <span class='ocr_line' id='line_1_32' title="bbox 405 3142 1416 3196; baseline 0.004 -5"><span class='ocrx_word' id='word_1_226' title='bbox 405 3142 561 3191; x_wconf 86' lang='lat' dir='ltr'><strong>taken</strong></span> <span class='ocrx_word' id='word_1_227' title='bbox 597 3142 722 3190; x_wconf 89' lang='lat' dir='ltr'><strong>from</strong></span> <span class='ocrx_word' id='word_1_228' title='bbox 757 3143 1058 3192; x_wconf 84' lang='lat' dir='ltr'><strong>individuals</strong></span> <span class='ocrx_word' id='word_1_229' title='bbox 1086 3147 1185 3193; x_wconf 90' lang='lat' dir='ltr'><strong>and</strong></span> <span class='ocrx_word' id='word_1_230' title='bbox 1221 3147 1416 3196; x_wconf 86' lang='lat' dir='ltr'><strong>carried</strong></span> 
     </span>
     <span class='ocr_line' id='line_1_33' title="bbox 405 3208 1416 3276; baseline 0.004 -20"><span class='ocrx_word' id='word_1_231' title='bbox 405 3224 473 3256; x_wconf 91' lang='lat' dir='ltr'><strong>on</strong></span> <span class='ocrx_word' id='word_1_232' title='bbox 508 3208 575 3269; x_wconf 89' lang='lat' dir='ltr'><strong>by</strong></span> <span class='ocrx_word' id='word_1_233' title='bbox 598 3209 685 3256; x_wconf 91' lang='lat' dir='ltr'><strong>the</strong></span> <span class='ocrx_word' id='word_1_234' title='bbox 715 3216 840 3257; x_wconf 86' lang='lat' dir='ltr'><strong>state</strong></span> <span class='ocrx_word' id='word_1_235' title='bbox 865 3216 917 3257; x_wconf 89' lang='lat' dir='ltr'><strong>to</strong></span> <span class='ocrx_word' id='word_1_236' title='bbox 942 3210 1124 3259; x_wconf 85' lang='lat' dir='ltr'><strong>relieve</strong></span> <span class='ocrx_word' id='word_1_237' title='bbox 1148 3212 1327 3276; x_wconf 89' lang='lat' dir='ltr'><strong>prices.</strong></span> <span class='ocrx_word' id='word_1_238' title='bbox 1346 3239 1416 3250; x_wconf 91' lang='lat'><strong>—</strong></span> 
     </span>
     <span class='ocr_line' id='line_1_34' title="bbox 406 3273 1417 3342; baseline 0.007 -21"><span class='ocrx_word' id='word_1_239' title='bbox 406 3274 465 3322; x_wconf 85' lang='lat' dir='ltr'><strong>in</strong></span> <span class='ocrx_word' id='word_1_240' title='bbox 512 3273 801 3337; x_wconf 89' lang='lat' dir='ltr'><strong>publicum</strong></span> <span class='ocrx_word' id='word_1_241' title='bbox 850 3276 1008 3324; x_wconf 86' lang='lat' dir='ltr'><strong>omni</strong></span> <span class='ocrx_word' id='word_1_242' title='bbox 1051 3287 1301 3342; x_wconf 80' lang='lat' dir='ltr'><strong>sumptu,</strong></span> <span class='ocrx_word' id='word_1_243' title='bbox 1339 3279 1417 3327; x_wconf 80' lang='lat' dir='ltr'><strong>the</strong></span> 
     </span>
     <span class='ocr_line' id='line_1_35' title="bbox 394 3339 1413 3407; baseline 0.005 -19"><span class='ocrx_word' id='word_1_244' title='bbox 394 3339 572 3403; x_wconf 84' lang='lat' dir='ltr'><strong>public</strong></span> <span class='ocrx_word' id='word_1_245' title='bbox 602 3341 870 3404; x_wconf 80' lang='lat' dir='ltr'><strong>assuming</strong></span> <span class='ocrx_word' id='word_1_246' title='bbox 895 3341 973 3389; x_wconf 74' lang='lat' dir='ltr'><strong>the</strong></span> <span class='ocrx_word' id='word_1_247' title='bbox 1008 3343 1160 3391; x_wconf 76' lang='lat' dir='ltr'><strong>whole</strong></span> <span class='ocrx_word' id='word_1_248' title='bbox 1193 3351 1413 3407; x_wconf 81' lang='lat' dir='ltr'><strong>expense.</strong></span> 
     </span>
     <span class='ocr_line' id='line_1_36' title="bbox 403 3410 1416 3539; baseline 0.006 -21"><span class='ocrx_word' id='word_1_249' title='bbox 403 3410 1416 3539; x_wconf 37' lang='lat' dir='ltr'><strong>{il-epizzto-ri{zibucttgstoggegffizfftszxgd</strong></span> 
     </span>
     <span class='ocr_line' id='line_1_37' title="bbox 404 3537 1412 3602; baseline 0.006 -18"><span class='ocrx_word' id='word_1_250' title='bbox 404 3537 670 3600; x_wconf 87' lang='lat' dir='ltr'><strong>portioned</strong></span> <span class='ocrx_word' id='word_1_251' title='bbox 703 3544 755 3585; x_wconf 92' lang='lat' dir='ltr'><strong>to</strong></span> <span class='ocrx_word' id='word_1_252' title='bbox 780 3538 866 3586; x_wconf 87' lang='lat' dir='ltr'><strong>the</strong></span> <span class='ocrx_word' id='word_1_253' title='bbox 890 3539 1073 3602; x_wconf 91' lang='lat' dir='ltr'><strong>people</strong></span> <span class='ocrx_word' id='word_1_254' title='bbox 1099 3539 1174 3588; x_wconf 89' lang='lat' dir='ltr'><strong>for</strong></span> <span class='ocrx_word' id='word_1_255' title='bbox 1198 3548 1412 3590; x_wconf 87' lang='lat' dir='ltr'><strong>extraor-</strong></span> 
     </span>
     <span class='ocr_line' id='line_1_38' title="bbox 405 3603 1412 3665; baseline 0.006 -15"><span class='ocrx_word' id='word_1_256' title='bbox 405 3603 579 3665; x_wconf 88' lang='lat' dir='ltr'><strong>dinary</strong></span> <span class='ocrx_word' id='word_1_257' title='bbox 619 3604 790 3652; x_wconf 90' lang='lat' dir='ltr'><strong>needs.</strong></span> <span class='ocrx_word' id='word_1_258' title='bbox 815 3630 883 3639; x_wconf 94' lang='lat'>—</span> <span class='ocrx_word' id='word_1_259' title='bbox 905 3605 1159 3654; x_wconf 80' lang='lat' dir='ltr'><strong>ferendo:</strong></span> <span class='ocrx_word' id='word_1_260' title='bbox 1201 3621 1285 3654; x_wconf 90' lang='lat' dir='ltr'><strong>see</strong></span> <span class='ocrx_word' id='word_1_261' title='bbox 1326 3607 1412 3656; x_wconf 87' lang='lat' dir='ltr'><strong>Gr.</strong></span> 
     </span>
     <span class='ocr_line' id='line_1_39' title="bbox 405 3673 1411 3732; baseline 0.005 -17"><span class='ocrx_word' id='word_1_262' title='bbox 405 3681 514 3728; x_wconf 90' lang='lat'>299.</span> <span class='ocrx_word' id='word_1_263' title='bbox 558 3685 607 3716; x_wconf 87' lang='lat' dir='ltr'><strong>a.</strong></span> <span class='ocrx_word' id='word_1_264' title='bbox 627 3695 693 3704; x_wconf 90' lang='lat'>—</span> <span class='ocrx_word' id='word_1_265' title='bbox 711 3682 1006 3732; x_wconf 80' lang='lat' dir='ltr'><strong>pauperes,</strong></span> <span class='ocrx_word' id='word_1_266' title='bbox 1045 3678 1167 3719; x_wconf 86' lang='lat' dir='ltr'><strong>etc.:</strong></span> <span class='ocrx_word' id='word_1_267' title='bbox 1207 3673 1292 3720; x_wconf 90' lang='lat' dir='ltr'><strong>the</strong></span> <span class='ocrx_word' id='word_1_268' title='bbox 1330 3688 1411 3720; x_wconf 88' lang='lat' dir='ltr'><strong>ex-</strong></span> 
     </span>
     <span class='ocr_line' id='line_1_40' title="bbox 403 3732 1411 3796; baseline 0.007 -17"><span class='ocrx_word' id='word_1_269' title='bbox 403 3732 664 3796; x_wconf 87' lang='lat' dir='ltr'><strong>planation</strong></span> <span class='ocrx_word' id='word_1_270' title='bbox 705 3733 764 3781; x_wconf 85' lang='lat' dir='ltr'><strong>of</strong></span> <span class='ocrx_word' id='word_1_271' title='bbox 803 3735 889 3782; x_wconf 91' lang='lat' dir='ltr'><strong>the</strong></span> <span class='ocrx_word' id='word_1_272' title='bbox 923 3734 1329 3785; x_wconf 86' lang='lat' dir='ltr'><strong>law-makers.—</strong></span> <span class='ocrx_word' id='word_1_273' title='bbox 1349 3738 1411 3787; x_wconf 91' lang='lat' dir='ltr'><strong>li-</strong></span> 
     </span>
     <span class='ocr_line' id='line_1_41' title="bbox 402 3797 1371 3851; baseline 0.007 -7"><span class='ocrx_word' id='word_1_274' title='bbox 402 3797 599 3845; x_wconf 83' lang='lat' dir='ltr'><strong>beros:</strong></span> <span class='ocrx_word' id='word_1_275' title='bbox 631 3799 707 3846; x_wconf 84' lang='lat' dir='ltr'><strong>i.e.</strong></span> <span class='ocrx_word' id='word_1_276' title='bbox 728 3813 782 3846; x_wconf 86' lang='lat' dir='ltr'><strong>as</strong></span> <span class='ocrx_word' id='word_1_277' title='bbox 801 3799 1023 3847; x_wconf 89' lang='lat' dir='ltr'><strong>material</strong></span> <span class='ocrx_word' id='word_1_278' title='bbox 1048 3800 1123 3848; x_wconf 80' lang='lat' dir='ltr'><strong>for</strong></span> <span class='ocrx_word' id='word_1_279' title='bbox 1146 3801 1371 3851; x_wconf 83' lang='lat' dir='ltr'><strong>soldiers.</strong></span> 
     </span>
    </p>
   </div>
   <div class='ocr_carea' id='block_1_8' title="bbox 1505 2948 2520 3078">
    <p class='ocr_par' dir='ltr' id='par_1_13' title="bbox 1505 2948 2520 3078">
     <span class='ocr_line' id='line_1_42' title="bbox 1505 2948 2520 3012; baseline 0.002 -15"><span class='ocrx_word' id='word_1_280' title='bbox 1505 2949 1634 3006; x_wconf 84' lang='lat' dir='ltr'><strong>bus,</strong></span> <span class='ocrx_word' id='word_1_281' title='bbox 1680 2948 1959 3011; x_wconf 71' lang='lat' dir='ltr'><strong>demagogic</strong></span> <span class='ocrx_word' id='word_1_282' title='bbox 2001 2955 2123 3007; x_wconf 85' lang='lat' dir='ltr'><strong>arts,</strong></span> <span class='ocrx_word' id='word_1_283' title='bbox 2172 2950 2404 3012; x_wconf 88' lang='lat' dir='ltr'><strong>opposed</strong></span> <span class='ocrx_word' id='word_1_284' title='bbox 2460 2958 2520 2999; x_wconf 89' lang='lat' dir='ltr'><strong>to</strong></span> 
     </span>
     <span class='ocr_line' id='line_1_43' title="bbox 1505 3014 2021 3078; baseline -0.004 -15"><span class='ocrx_word' id='word_1_285' title='bbox 1505 3015 1650 3064; x_wconf 89' lang='lat' dir='ltr'><strong>bene</strong></span> <span class='ocrx_word' id='word_1_286' title='bbox 1677 3014 2021 3078; x_wconf 86' lang='lat' dir='ltr'><strong>imperando.</strong></span> 
     </span>
    </p>
   </div>
   <div class='ocr_carea' id='block_1_9' title="bbox 1617 3131 2408 3182">
    <p class='ocr_par' dir='ltr' id='par_1_14' title="bbox 1617 3131 2408 3182">
     <span class='ocr_line' id='line_1_44' title="bbox 1617 3131 2408 3182; baseline 0.004 -3"><span class='ocrx_word' id='word_1_287' title='bbox 1617 3131 1900 3180; x_wconf 66' lang='lat' dir='ltr'><strong>Hom‘rms</strong></span> <span class='ocrx_word' id='word_1_288' title='bbox 1930 3143 2001 3180; x_wconf 73' lang='grc' dir='ltr'><strong>ΛΤ</strong></span> <span class='ocrx_word' id='word_1_289' title='bbox 2030 3143 2145 3180; x_wconf 70' lang='lat' dir='ltr'><strong>‘rna</strong></span> <span class='ocrx_word' id='word_1_290' title='bbox 2182 3132 2408 3182; x_wconf 67' lang='lat' dir='ltr'><strong>Brunca.</strong></span> 
     </span>
    </p>
   </div>
   <div class='ocr_carea' id='block_1_10' title="bbox 1500 3211 2525 3858">
    <p class='ocr_par' dir='ltr' id='par_1_15' title="bbox 1503 3211 2520 3525">
     <span class='ocr_line' id='line_1_45' title="bbox 1571 3211 2520 3278; baseline -0.003 -12"><span class='ocrx_word' id='word_1_291' title='bbox 1571 3211 1670 3266; x_wconf 86' lang='lat'><strong>10.</strong></span> <span class='ocrx_word' id='word_1_292' title='bbox 1721 3229 1823 3278; x_wconf 89' lang='lat' dir='ltr'><strong>pro</strong></span> <span class='ocrx_word' id='word_1_293' title='bbox 1869 3229 1932 3264; x_wconf 81' lang='lat' dir='ltr'><strong>se</strong></span> <span class='ocrx_word' id='word_1_294' title='bbox 1974 3215 2237 3278; x_wconf 86' lang='lat' dir='ltr'><strong>quisque,</strong></span> <span class='ocrx_word' id='word_1_295' title='bbox 2279 3217 2358 3263; x_wconf 85' lang='lat' dir='ltr'><strong>all</strong></span> <span class='ocrx_word' id='word_1_296' title='bbox 2391 3216 2520 3264; x_wconf 76' lang='lat' dir='ltr'><strong>with</strong></span> 
     </span>
     <span class='ocr_line' id='line_1_46' title="bbox 1503 3280 2519 3345; baseline 0.002 -18"><span class='ocrx_word' id='word_1_297' title='bbox 1503 3295 1596 3328; x_wconf 84' lang='lat' dir='ltr'><strong>one</strong></span> <span class='ocrx_word' id='word_1_298' title='bbox 1627 3280 1810 3328; x_wconf 87' lang='lat' dir='ltr'><strong>accord</strong></span> <span class='ocrx_word' id='word_1_299' title='bbox 1820 3297 1843 3336; x_wconf 92' lang='lat'><strong>,·</strong></span> <span class='ocrx_word' id='word_1_300' title='bbox 1879 3280 1942 3329; x_wconf 86' lang='lat' dir='ltr'><strong>cf.</strong></span> <span class='ocrx_word' id='word_1_301' title='bbox 1967 3280 2012 3329; x_wconf 90' lang='lat'><strong>6.</strong></span> <span class='ocrx_word' id='word_1_302' title='bbox 2036 3295 2084 3341; x_wconf 93' lang='lat'><strong>4.</strong></span> <span class='ocrx_word' id='word_1_303' title='bbox 2102 3308 2170 3317; x_wconf 94' lang='lat'>—</span> <span class='ocrx_word' id='word_1_304' title='bbox 2186 3282 2519 3345; x_wconf 79' lang='lat' dir='ltr'><strong>praesidiis:</strong></span> 
     </span>
     <span class='ocr_line' id='line_1_47' title="bbox 1505 3345 2519 3410; baseline 0.003 -17"><span class='ocrx_word' id='word_1_305' title='bbox 1505 3346 1584 3394; x_wconf 58' lang='lat' dir='ltr'><strong>tle.</strong></span> <span class='ocrx_word' id='word_1_306' title='bbox 1620 3345 1707 3394; x_wconf 84' lang='lat' dir='ltr'><strong>the</strong></span> <span class='ocrx_word' id='word_1_307' title='bbox 1742 3345 1970 3395; x_wconf 86' lang='lat' dir='ltr'><strong>different</strong></span> <span class='ocrx_word' id='word_1_308' title='bbox 2005 3347 2173 3410; x_wconf 87' lang='lat' dir='ltr'><strong>points</strong></span> <span class='ocrx_word' id='word_1_309' title='bbox 2207 3347 2265 3395; x_wconf 84' lang='lat' dir='ltr'><strong>of</strong></span> <span class='ocrx_word' id='word_1_310' title='bbox 2299 3347 2519 3396; x_wconf 83' lang='lat' dir='ltr'><strong>defence</strong></span> 
     </span>
     <span class='ocr_line' id='line_1_48' title="bbox 1504 3411 2518 3476; baseline 0.003 -17"><span class='ocrx_word' id='word_1_311' title='bbox 1504 3426 1588 3459; x_wconf 89' lang='lat' dir='ltr'><strong>are</strong></span> <span class='ocrx_word' id='word_1_312' title='bbox 1661 3411 2022 3474; x_wconf 86' lang='lat' dir='ltr'><strong>strengthened</strong></span> <span class='ocrx_word' id='word_1_313' title='bbox 2098 3411 2165 3476; x_wconf 84' lang='lat' dir='ltr'><strong>by</strong></span> <span class='ocrx_word' id='word_1_314' title='bbox 2242 3412 2518 3462; x_wconf 88' lang='lat' dir='ltr'><strong>reinforce-</strong></span> 
     </span>
     <span class='ocr_line' id='line_1_49' title="bbox 1503 3483 1682 3525; baseline 0.006 -1"><span class='ocrx_word' id='word_1_315' title='bbox 1503 3483 1682 3525; x_wconf 78' lang='lat' dir='ltr'><strong>mentS.</strong></span> 
     </span>
    </p>

    <p class='ocr_par' dir='ltr' id='par_1_16' title="bbox 1500 3542 2525 3858">
     <span class='ocr_line' id='line_1_50' title="bbox 1570 3542 2516 3607; baseline 0.003 -16"><span class='ocrx_word' id='word_1_316' title='bbox 1570 3555 1614 3591; x_wconf 89' lang='lat'><strong>2.</strong></span> <span class='ocrx_word' id='word_1_317' title='bbox 1640 3542 1808 3600; x_wconf 85' lang='lat' dir='ltr'><strong>dedit,</strong></span> <span class='ocrx_word' id='word_1_318' title='bbox 1826 3542 1889 3593; x_wconf 86' lang='lat' dir='ltr'><strong>ni</strong></span> <span class='ocrx_word' id='word_1_319' title='bbox 1911 3543 2144 3593; x_wconf 79' lang='lat' dir='ltr'><strong>fuisset:</strong></span> <span class='ocrx_word' id='word_1_320' title='bbox 2181 3558 2267 3593; x_wconf 81' lang='lat' dir='ltr'><strong>see</strong></span> <span class='ocrx_word' id='word_1_321' title='bbox 2286 3543 2370 3593; x_wconf 85' lang='lat' dir='ltr'><strong>Gr.</strong></span> <span class='ocrx_word' id='word_1_322' title='bbox 2398 3543 2516 3607; x_wconf 88' lang='lat'><strong>308.</strong></span> 
     </span>
     <span class='ocr_line' id='line_1_51' title="bbox 1502 3607 2518 3672; baseline 0.003 -16"><span class='ocrx_word' id='word_1_323' title='bbox 1502 3607 1544 3656; x_wconf 83' lang='lat' dir='ltr'><strong>b.</strong></span> <span class='ocrx_word' id='word_1_324' title='bbox 1563 3633 1629 3644; x_wconf 95' lang='lat'>—</span> <span class='ocrx_word' id='word_1_325' title='bbox 1649 3609 1733 3658; x_wconf 83' lang='lat' dir='ltr'><strong>id:</strong></span> <span class='ocrx_word' id='word_1_326' title='bbox 1778 3609 1864 3657; x_wconf 91' lang='lat' dir='ltr'><strong>the</strong></span> <span class='ocrx_word' id='word_1_327' title='bbox 1892 3609 2088 3672; x_wconf 87' lang='lat' dir='ltr'><strong>regular</strong></span> <span class='ocrx_word' id='word_1_328' title='bbox 2112 3610 2380 3659; x_wconf 86' lang='lat' dir='ltr'><strong>attraction</strong></span> <span class='ocrx_word' id='word_1_329' title='bbox 2405 3610 2518 3659; x_wconf 90' lang='lat' dir='ltr'><strong>into</strong></span> 
     </span>
     <span class='ocr_line' id='line_1_52' title="bbox 1503 3674 2517 3738; baseline 0.002 -16"><span class='ocrx_word' id='word_1_330' title='bbox 1503 3680 1792 3736; x_wconf 85' lang='lat' dir='ltr'><strong>agreement</strong></span> <span class='ocrx_word' id='word_1_331' title='bbox 1823 3674 1943 3723; x_wconf 79' lang='lat' dir='ltr'><strong>with</strong></span> <span class='ocrx_word' id='word_1_332' title='bbox 1976 3675 2063 3724; x_wconf 88' lang='lat' dir='ltr'><strong>the</strong></span> <span class='ocrx_word' id='word_1_333' title='bbox 2098 3675 2357 3738; x_wconf 88' lang='lat' dir='ltr'><strong>predicate</strong></span> <span class='ocrx_word' id='word_1_334' title='bbox 2367 3693 2382 3735; x_wconf 89' lang='lat'>;</span> <span class='ocrx_word' id='word_1_335' title='bbox 2426 3691 2517 3725; x_wconf 90' lang='lat' dir='ltr'><strong>see</strong></span> 
     </span>
     <span class='ocr_line' id='line_1_53' title="bbox 1502 3739 2525 3804; baseline 0.004 -18"><span class='ocrx_word' id='word_1_336' title='bbox 1502 3739 1586 3787; x_wconf 89' lang='lat' dir='ltr'><strong>Gr.</strong></span> <span class='ocrx_word' id='word_1_337' title='bbox 1619 3751 1724 3804; x_wconf 86' lang='lat'>195.</span> <span class='ocrx_word' id='word_1_338' title='bbox 1748 3739 2345 3790; x_wconf 59' lang='lat' dir='ltr'><strong>‹ih—munimentum:</strong></span> <span class='ocrx_word' id='word_1_339' title='bbox 2385 3757 2442 3790; x_wconf 85' lang='lat' dir='ltr'><strong>as</strong></span> <span class='ocrx_word' id='word_1_340' title='bbox 2476 3741 2525 3791; x_wconf 89' lang='lat' dir='ltr'><strong>if</strong></span> 
     </span>
     <span class='ocr_line' id='line_1_54' title="bbox 1500 3805 2519 3858; baseline 0.006 -6"><span class='ocrx_word' id='word_1_341' title='bbox 1500 3805 1587 3852; x_wconf 91' lang='lat' dir='ltr'><strong>the</strong></span> <span class='ocrx_word' id='word_1_342' title='bbox 1610 3812 1729 3853; x_wconf 83' lang='lat' dir='ltr'><strong>man</strong></span> <span class='ocrx_word' id='word_1_343' title='bbox 1750 3820 1882 3854; x_wconf 84' lang='lat' dir='ltr'><strong>were</strong></span> <span class='ocrx_word' id='word_1_344' title='bbox 1917 3805 1975 3854; x_wconf 89' lang='lat' dir='ltr'><strong>of</strong></span> <span class='ocrx_word' id='word_1_345' title='bbox 2008 3807 2095 3855; x_wconf 89' lang='lat' dir='ltr'><strong>the</strong></span> <span class='ocrx_word' id='word_1_346' title='bbox 2129 3821 2268 3856; x_wconf 82' lang='lat' dir='ltr'><strong>same</strong></span> <span class='ocrx_word' id='word_1_347' title='bbox 2299 3807 2430 3858; x_wconf 90' lang='lat' dir='ltr'><strong>kind</strong></span> <span class='ocrx_word' id='word_1_348' title='bbox 2458 3823 2519 3857; x_wconf 81' lang='lat' dir='ltr'><strong>as</strong></span> 
     </span>
    </p>
   </div>
  </div>
 </body>
</html>
