2792 4316
294 227 492 275 CHAPS.
518 241 567 287 9,
597 226 700 290 10.]

1322 229 1500 277 LIVY.

2415 230 2507 280 165

294 390 689 473 relinquere,
740 392 1225 473 reprehensans
1281 391 1597 474 singuloS,
1647 391 1985 456 obsistens
2033 394 2406 457 obtestans-

293 514 425 577 que
457 495 656 557 deum
690 505 757 557 et
790 494 1134 558 hominum
1187 495 1385 558 fidem
1434 496 1810 558 testabatur
1855 497 2249 578 nequiquam
2302 498 2405 560 de·
2448 524 2481 567 4

295 608 476 661 serto
520 597 846 680 praesidio
888 617 1003 661 eos
1034 598 1267 680 fugere
1295 618 1310 674 3
1358 598 1415 661 si
1448 598 1802 661 transitum
1837 610 2110 680 pontem
2144 621 2181 662 a
2214 610 2404 682 tergo

294 701 742 784 reliquissent,
794 701 924 764 iam
971 701 1119 784 plus
1168 702 1461 765 hostium
1511 701 1578 764 in
1629 702 1881 765 Palatio
1940 702 2405 787 Capitolioque

294 826 491 888 quam
550 805 618 867 in
678 793 975 868 Ianiculo
1021 805 1180 868 fore.

1280 805 1516 888 Itaque
1561 825 1833 869 monere
1878 806 2278 888 praedicere,
2328 818 2401 871 ut

294 920 571 991 pontem
618 908 795 971 ferro
828 908 985 990 igni,
1022 929 1436 992 quacumque
1463 909 1529 972 vi
1560 909 1838 991 possint,
1874 910 2402 992 interrumpant3

296 1033 369 1075 se
392 1012 717 1094 impetum
740 1012 1052 1088 hostium,
1082 1023 1403 1095 quantum
1431 1033 1705 1094 corpore
1731 1034 1863 1076 uno
1889 1023 2117 1095 posset
2144 1015 2399 1090 obsisti,

297 1126 745 1198 excepturum.
822 1115 1025 1180 Vadit
1052 1117 1206 1180 inde
1238 1117 1306 1179 in
1338 1117 1621 1199 primum
1658 1117 1910 1180 aditum
1935 1118 2178 1199 pontis,
2207 1118 2406 1201 insig-
2448 1143 2478 1190 5

297 1221 534 1303 nisque
560 1220 735 1284 inter
767 1230 1128 1303 conspecta
1157 1221 1538 1284 cedentium
1571 1241 1834 1303 pugnae
1868 1232 2060 1303 terga
2105 1223 2402 1286 obversis

298 1324 672 1387 comminus
703 1325 786 1388 ad
819 1324 1182 1387 ineundum
1209 1325 1528 1406 proelium
1553 1325 1753 1387 armis
1779 1324 1923 1406 ipso
1948 1325 2266 1389 miraculo
2296 1347 2404 1389 au-

297 1428 527 1491 daciae
559 1426 1007 1509 obstupefecit
1041 1428 1271 1491 hostis.

1369 1428 1560 1492 Duos
1593 1439 1815 1492 tamen
1867 1450 2016 1493 cum
2065 1450 2145 1493 eo
2192 1432 2404 1512 pudor
2447 1444 2478 1488 6

296 1532 535 1606 tenuit,
588 1531 699 1614 Sp.
754 1532 1066 1595 Larcium
1127 1552 1204 1595 ac
1256 1533 1335 1596 T.
1405 1532 1849 1608 Herminium,
1898 1534 2130 1597 ambos
2190 1534 2402 1598 claros

296 1655 545 1719 genere
589 1635 936 1719 factisque.

1035 1635 1203 1699 Cum
1253 1636 1358 1699 his
1390 1638 1668 1718 primam
1716 1636 1991 1718 periculi
2039 1638 2396 1719 procellam
2443 1666 2474 1709 7

296 1749 365 1803 et
400 1740 576 1823 quod
616 1739 1289 1803 tumultuosissimum
1323 1760 1588 1822 pugnae
1634 1750 1774 1803 erat
1822 1761 2180 1823 parumper
2211 1743 2405 1805 susti-

295 1843 461 1907 nuit.
515 1843 778 1907 Deinde
803 1863 917 1907 eos
943 1863 1205 1926 quoque
1230 1844 1411 1925 ipsos
1434 1844 1674 1925 exigua
1692 1853 1881 1926 parte
1904 1845 2127 1926 pontis
2149 1845 2399 1922 relicta,

295 1947 767 2011 revocantibus
813 1947 925 2030 qui
966 1947 1454 2022 rescindebant,
1490 1948 1726 2011 cedere
1771 1948 1840 2010 in
1888 1939 2110 2011 tutum
2160 1949 2397 2032 coegit.

298 2049 797 2114 Circumferens
838 2050 995 2114 inde
1040 2060 1264 2115 truces
1311 2051 1661 2115 minaciter
1691 2052 1916 2114 oculos
1963 2053 2046 2115 ad
2093 2072 2401 2134 proceres
2449 2068 2477 2112 8

298 2156 736 2219 Etruscorum
800 2176 979 2220 nunc
1041 2154 1339 2238 singulos
1394 2176 1768 2238 provocare,
1818 2177 1998 2221 nunc
2061 2155 2404 2239 increpare

296 2280 551 2334 omneS,
580 2260 848 2323 servitia
879 2280 1111 2341 regum
1144 2261 1598 2341 superborum,
1629 2280 1788 2323 suae
1819 2259 2146 2323 libertatis
2178 2261 2404 2325 imme-

297 2383 518 2427 mores
550 2364 836 2427 alienam
861 2374 1319 2446 oppugnatum
1344 2364 1586 2427 venire.
1656 2363 1970 2427 Cunctati
1999 2364 2403 2446 aliquamdiu
2447 2392 2479 2436 9

299 2476 478 2542 sunt,
506 2468 663 2545 dum
696 2468 862 2531 alius
893 2468 1114 2544 alium,
1144 2477 1215 2531 ut
1242 2468 1564 2549 proelium
1598 2467 1939 2549 incipiant,
1969 2468 2406 2550 circumspec-

296 2581 463 2635 tant.
541 2573 758 2635 Pudor
789 2572 1028 2635 deinde
1061 2572 1417 2635 commovit
1452 2572 1681 2646 aciem,
1718 2581 1785 2634 et
1820 2572 2107 2636 clamore
2141 2572 2404 2635 sublato

297 2676 592 2758 undique
624 2676 693 2738 in
726 2697 931 2738 unum
963 2676 1226 2739 hostem
1264 2676 1402 2739 tela
1443 2675 1799 2740 coniciunt.

1897 2676 2090 2758 Quae
2136 2697 2287 2739 cum
2336 2677 2404 2739 in
2453 2702 2506 2736 ιο

298 2780 563 2844 obiecto
596 2788 839 2843 cuncta
871 2790 1062 2843 scuto
1110 2780 1505 2854 haesissent,
1543 2799 1758 2861 neque
1792 2778 1900 2841 ille
1933 2779 2154 2842 minus
2203 2780 2406 2843 obsti-

297 2894 498 2947 natus
530 2883 789 2966 ingenti
820 2892 1091 2965 pontem
1126 2884 1459 2947 obtineret
1493 2884 1719 2966 gradU,
1756 2883 1887 2946 iam
1927 2883 2180 2966 impetu
2213 2904 2405 2947 cona-

296 3069 479 3118 muris
514 3069 616 3117 and
647 3068 858 3127 Tiberi3
902 3084 933 3116 a
955 3083 1188 3117 common
1218 3068 1303 3131 fig·

297 3151 386 3184 ure
409 3135 463 3182 in
487 3134 552 3183 all
574 3134 862 3196 languageS.

366 3213 412 3263 3.
448 3200 507 3249 in
557 3201 804 3250 statione
854 3199 1074 3264 pontis:
1129 3200 1205 3249 i.e.
1251 3199 1304 3247 in

297 3267 570 3315 command
589 3266 647 3313 os
664 3267 750 3314 the
768 3267 925 3327 guard
944 3273 995 3341 at
1010 3266 1095 3313 the
1112 3265 1301 3328 bridge.

295 3331 1305 3455 Ergsspt‘sshffffi‘ifiem‘ffli³¹’y0132333

297 3471 459 3513 tens:
497 3463 741 3525 blocking
764 3463 893 3511 their
917 3463 1054 3526 path.

363 3544 411 3589 4.
448 3529 635 3586 fidem,
672 3535 798 3576 ete.:
837 3529 859 3576 i
876 3545 913 3575 e.
943 3529 1184 3590 swearing
1208 3535 1307 3591 per

296 3595 447 3642 deum
480 3594 1027 3659 hominzcmquefidem,
1046 3598 1060 3622 ‘
1075 3594 1304 3656 byevery·

296 3660 447 3723 thing·
475 3661 535 3708 in
573 3660 762 3708 heaven
802 3659 917 3707 and
948 3675 1013 3706 on
1053 3660 1308 3708 earth)—

296 3726 667 3789 nequiquam,
703 3731 827 3773 etc.:
879 3726 955 3772 i.e.
990 3725 1099 3774 that
1133 3726 1173 3774 it
1205 3739 1307 3772 was

1394 3067 1582 3116 useless
1605 3067 1681 3115 for
1705 3067 1860 3125 them,
1880 3073 1972 3116 etc.
1988 3094 2054 3103 —
2069 3067 2401 3129 transitum:

1394 3134 1649 3197 p'redicate
1686 3133 1963 3196 appositive
1988 3133 2106 3181 with
2135 3143 2397 3196 pontem;

1393 3200 1517 3248 ‘the
1555 3199 1732 3261 bridge
1779 3214 1834 3246 as
1869 3214 1900 3246 a
1940 3200 2404 3262 passage.'—-mo·
2461 3229 2468 3238 ·

1392 3280 1554 3315 nere:
1595 3265 1670 3313 for
1694 3280 1864 3312 moneo
1888 3264 1946 3311 of
1973 3264 2059 3312 the
2085 3265 2256 3313 direct.

1461 3343 1505 3396 5.
1541 3338 1848 3394 conspecta
1871 3331 2210 3388 cedentium,
2227 3330 2406 3393 visibly

1394 3398 1629 3460 retiring.
1644 3410 1976 3460 —pugnaez
2018 3411 2048 3443 a
2071 3403 2299 3458 stronger
2323 3411 2403 3443 ex-

1394 3463 1620 3527 pression
1627 3462 1748 3510 than
1757 3463 1843 3510 the
1852 3460 1992 3510 usual
2001 3461 2300 3510 ablative.-
2310 3463 2404 3511 ob·

1394 3530 1579 3577 versis
1597 3546 1608 3576 2
1639 3529 1864 3591 opposed
1881 3534 1934 3576 to
1949 3528 2291 3585 cedentium,
2309 3534 2401 3575 etc.

1468 3606 1539 3642 10.
1576 3595 1783 3656 gradu:
1832 3593 2075 3654 referring
2108 3600 2160 3641 to
2185 3594 2270 3641 the
2296 3594 2405 3642 firm

1393 3659 1615 3722 position
1659 3658 1825 3706 which
1870 3658 1935 3706 he
1981 3659 2126 3706 takes
2163 3665 2217 3707 to
2258 3658 2403 3707 resist

1394 3725 1482 3773 the
1505 3725 1680 3773 shock.
1694 3749 1759 3760 —
1776 3724 1890 3772 iam
1909 3725 2126 3788 impetu
2143 3742 2154 3772 :
2188 3724 2263 3772 ale.
2284 3723 2406 3787 they
