2792 4316
285 313 476 363 CHAPs.
504 326 584 377 32,
610 314 717 379 33.]
972 275 983 288 ι
1307 315 1486 366 LIVY.
2163 379 2176 392 ·
2396 314 2490 365 211

277 498 443 541 num
472 478 592 543 Cn.
626 478 937 556 Marcius,
967 480 1360 545 adulescens
1386 490 1455 544 et
1489 480 1765 545 consilio
1797 489 1865 544 et
1900 501 2100 545 manu
2132 500 2391 564 promp-

276 591 411 657 tus,
447 582 554 645 cui
585 604 976 666 cognomen
1024 594 1262 667 postea
1309 584 1664 648 Coriolano
1710 585 1855 648 fuit.
1954 584 2127 649 Cum
2163 584 2384 648 subito
2431 593 2462 638 6

275 686 644 751 exercitum
694 689 1075 752 Romanum
1110 688 1415 753 Coriolos
1462 689 1884 752 obsidentem
1930 698 2133 772 atque
2177 689 2246 751 in
2279 708 2390 770 op-

241 790 580 872 .pidanOS,
616 811 782 874 quos
829 792 1011 855 intus
1059 792 1320 856 clausos
1354 793 1664 868 habebat,
1701 792 2037 855 intentum
2074 791 2218 854 sine
2253 792 2387 855 ullo

275 904 468 957 metu
504 895 918 959 extrinsecus
952 896 1361 960 imminentis
1409 896 1567 959 belli
1599 896 1883 960 Volscae
1915 895 2214 978 legiones
2246 916 2390 977 pro-

275 995 497 1060 fectae
542 999 627 1061 ab
660 998 874 1061 Antio
923 999 1346 1075 invasissent,
1384 1000 1755 1082 eodemque
1803 1009 2105 1084 ternpore
2152 1019 2234 1062 ex
2278 1019 2389 1081 op-

276 1100 436 1181 pido
485 1102 861 1184 erupissent
915 1103 1162 1180 hostes,
1212 1103 1385 1167 forte
1434 1104 1502 1166 in
1549 1103 1841 1167 statione
1898 1102 2190 1166 Marcius
2235 1102 2380 1166 fuit.

280 1204 353 1267 Is
395 1225 543 1268 cum
577 1206 838 1270 delecta
867 1206 1152 1270 militum
1186 1227 1387 1270 manu
1420 1228 1555 1271 non
1588 1209 1784 1270 modo
1817 1206 2140 1289 impetum
2174 1227 2387 1270 erum·
2430 1230 2461 1274 7

276 1308 581 1390 pentium
609 1310 908 1386 rettudit,
934 1312 1051 1374 sed
1076 1331 1195 1394 per
1225 1321 1572 1393 patentem
1604 1321 1863 1393 portam
1896 1308 2083 1374 ferox
2112 1311 2383 1393 inrupit,

279 1413 617 1495 caedeque
648 1413 715 1476 in
749 1414 1050 1496 proximo
1083 1415 1266 1479 urbis
1290 1415 1469 1479 facta
1496 1415 1720 1498 ignem
1747 1424 2000 1478 temere
2032 1415 2385 1497 abreptum

278 1514 782 1581 imminentibus
809 1539 999 1582 muro
1023 1519 1342 1582 aedificiis
1374 1518 1621 1585 iniecit.
1719 1518 1989 1583 Clamor
2020 1518 2174 1582 inde
2207 1520 2385 1602 oppi-
2433 1534 2460 1578 8

278 1619 624 1696 danorurn,
662 1621 907 1685 mixtus
954 1622 1260 1686 muliebri
1308 1623 1678 1705 puerilique
1724 1623 2005 1706 ploratu,
2054 1624 2139 1686 ad
2186 1633 2387 1686 terro-

278 1709 442 1799 rem,
478 1733 552 1787 ut
600 1725 787 1800 solet,
824 1728 1110 1807 primum
1157 1737 1324 1802 ort0,
1374 1735 1443 1790 et
1494 1726 1817 1790 Romanis
1862 1726 2045 1790 auxit
2088 1727 2382 1791 animum

278 1836 349 1891 et
396 1828 687 1892 turbavit
726 1829 1028 1905 VolscoS,
1067 1840 1303 1912 utpote
1349 1838 1547 1913 capta
1588 1831 1754 1893 urbe
1787 1829 1894 1893 cui
1925 1830 2009 1892 ad
2041 1829 2383 1894 ferendam

278 1950 477 2013 opem
523 1942 862 1997 venerant.
962 1934 1068 1997 Ita
1109 1933 1242 1997 fusi
1283 1934 1515 1998 Volsci
1549 1932 1888 2008 Antiates,
1926 1933 2172 1997 Corioli
2205 1934 2384 2016 oppi·
2430 1958 2461 2002 9

278 2036 440 2098 dum
466 2045 751 2117 captum.
848 2038 1278 2121 Tantumque
1311 2058 1430 2101 sua
1462 2039 1664 2103 laude.
1688 2037 1951 2101 obstitit
1983 2037 2201 2100 famae
2234 2058 2386 2101 con-

279 2139 443 2203 sulis
479 2139 772 2205 Marcius
804 2150 897 2217 ut,
926 2141 1054 2205 nisi
1085 2141 1323 2207 foedus
1356 2163 1507 2207 cum
1545 2142 1806 2206 Latinis
1840 2141 2150 2205 columna
2172 2162 2383 2206 aenea

278 2244 684 2326 insculptum
738 2256 1172 2310 monumento
1220 2257 1419 2322 esset,
1456 2248 1539 2311 ab
1588 2247 1698 2328 Sp.
1754 2246 1990 2310 Cassio
2037 2266 2191 2320 un0,
2228 2246 2382 2328 quia

277 2347 536 2429 collega
605 2346 878 2425 afuerat,
938 2349 1164 2427 ictum,
1227 2352 1613 2414 Postumum
1690 2349 2070 2413 Cominium
2134 2349 2379 2413 bellum

276 2452 575 2535 gessisse
606 2473 757 2516 cum
792 2453 1058 2519 Volscis
1106 2455 1426 2518 memoria
1472 2454 1803 2518 cessisset.

369 2559 624 2624 Eodem
676 2580 851 2624 anno
884 2559 1190 2645 Agrippa
1223 2558 1582 2623 Menenius
1616 2557 1912 2632 moritur,
1944 2556 2045 2619 vir
2089 2555 2272 2618 omni
2311 2557 2377 2619 in
2432 2579 2485 2614 ιο

274 2662 417 2726 vita
454 2664 701 2746 pariter
744 2664 1045 2746 patribus
1099 2684 1177 2727 ac
1231 2663 1410 2745 plebi
1457 2681 1666 2736 caruS‚
1717 2669 1869 2743 post
1933 2660 2378 2724 secessionem

274 2767 492 2832 carior
521 2768 696 2850 plebi
734 2768 969 2832 factus,
1068 2767 1248 2831 Huic
1295 2765 1644 2847 interpreti
1689 2764 2068 2847 arbitroque
2114 2783 2380 2827 concor-
2430 2788 2484 2822 11

275 2871 427 2935 diae
465 2871 724 2947 civium,
760 2871 983 2955 legato
1030 2880 1296 2954 patrum
1344 2870 1428 2932 ad
1476 2869 1756 2952 plebem,
1792 2867 2125 2932 reductori
2167 2867 2381 2951 plebis

278 3068 517 3117 Expmrr
540 3080 609 3117 or·-
630 3069 723 3118 CN.
752 3069 1017 3118 MARcms
1088 3067 1284 3115 DEATH
1377 3090 1607 3146 utpote:
1662 3097 1717 3130 as
1761 3081 1880 3144 they
1920 3079 2164 3144 naturally
2198 3081 2384 3140 would,

444 3146 513 3182 01⁴·
548 3135 839 3183 Maxumus
873 3138 1123 3183 AGRIPPA.
1375 3149 1552 3210 seeing
1570 3148 1692 3205 that,
1711 3155 1830 3205 etc.;
1864 3148 1925 3196 cf.
1946 3147 2033 3195 the
2052 3163 2140 3196 use
2156 3146 2214 3195 of
2226 3154 2385 3211 utpote

346 3227 390 3280 5·
428 3217 755 3267 Coriolano:
794 3233 879 3266 see
902 3216 988 3266 Gr.
1009 3229 1118 3278 231.
1143 3215 1186 3264 b.
1375 3214 1494 3263 with
1514 3214 1715 3262 relative
1734 3213 1926 3262 clauses
1938 3212 2048 3276 (Gr.
2064 3224 2282 3275 320.e.N.
2309 3214 2381 3275 1).

345 3280 392 3330 6.
428 3285 499 3332 ab
535 3285 738 3333 Antio:
779 3283 841 3332 cf.
877 3284 940 3330 ab
961 3283 1106 3339 Alba,
1132 3282 1173 3330 1.
1204 3292 1281 3344 27.
1442 3293 1490 3342 9.
1524 3280 1819 3328 columna:
1871 3278 2164 3327 mentioned
2188 3279 2251 3341 by
2272 3279 2382 3327 Cic-

273 3362 325 3408 4,
351 3350 452 3398 and
476 3365 559 3397 see
578 3349 663 3400 Gr.
685 3349 795 3413 258.
815 3365 863 3397 a.
882 3360 934 3398 N.
960 3361 1001 3397 1.
1021 3348 1153 3396 —in
1173 3355 1284 3396 sta·
1372 3362 1476 3404 ero,
1524 3346 1667 3394 Balb.
1727 3357 1803 3408 53.
1842 3371 1902 3380 —
1944 3344 2244 3393 cessisset:
2306 3360 2381 3392 we

274 3413 449 3473 tione,
474 3431 538 3463 on
553 3416 741 3477 guard.
1371 3411 1553 3460 should
1589 3418 1764 3474 expect
1800 3425 2051 3458 cessurum
2083 3409 2260 3474 suerit
2289 3409 2381 3472 (cf.

346 3490 389 3542 7.
428 3482 486 3531 in
521 3482 810 3545 proximo:
852 3480 938 3530 the
962 3495 1049 3528 use
1077 3479 1136 3527 of
1163 3494 1282 3526 neu·
1371 3478 1619 3543 facturus
1638 3478 1825 3542 fuerit,
1856 3488 1897 3524 1.
1934 3475 2013 3537 3),
2036 3474 2126 3522 but
2159 3490 2235 3522 we
2269 3490 2382 3536 may

273 3553 354 3596 ter
377 3547 645 3610 adjectives
668 3563 722 3595 as
745 3562 923 3604 nouns,
943 3544 1208 3609 especially
1231 3544 1283 3592 in
1372 3558 1591 3606 suppose
1625 3542 1747 3603 Livy
1780 3542 1882 3590 had
1917 3539 2177 3602 carelessly
2202 3539 2383 3602 sorgot-

273 3628 306 3661 a
330 3613 562 3677 partitive
586 3628 746 3671 sense,
771 3628 825 3660 as
848 3612 984 3669 here,
1008 3612 1049 3659 is
1073 3627 1102 3659 a
1126 3610 1285 3658 favor·
1374 3615 1461 3657 ten
1485 3608 1571 3657 the
1596 3609 1923 3671 dependence
1949 3621 2082 3669 upon
2108 3614 2186 3655 ut.

272 3679 345 3728 ite
379 3680 719 3728 construction
745 3678 863 3726 with
901 3677 1039 3739 Livy,
1065 3677 1165 3724 and
1200 3676 1286 3723 be·
1448 3688 1465 3721 1
1481 3687 1521 3722 1.
1547 3673 1850 3736 interpreti,
1870 3679 2029 3736 agent,
2049 3672 2133 3720 the
2151 3687 2248 3719 one
2267 3671 2382 3719 who

273 3760 420 3794 came
443 3744 540 3793 still
566 3760 704 3792 more
729 3758 962 3791 common
987 3743 1124 3791 later.
1375 3740 1522 3788 acted
1546 3755 1600 3787 as
1622 3738 1953 3799 go·between.
1973 3764 2039 3773 —
2056 3738 2291 3787 arbitro:
2328 3752 2383 3785 as

343 3810 390 3860 8.
426 3811 499 3859 ad
538 3819 835 3859 terrorem:
886 3808 947 3857 cs.
975 3809 1016 3856 I.
1044 3820 1087 3873 7.
1115 3820 1288 3873 7n.-
1374 3805 1579 3867 settling
1623 3806 1709 3853 the
1755 3812 1906 3852 terms
1952 3819 2019 3852 on
2057 3803 2224 3852 which
2264 3804 2383 3867 they
