2792 4316
304 283 400 334 192
1296 283 1482 335 L1vv.
2229 282 2419 348 [Boon
2443 284 2519 333 11.

302 454 380 511 24
495 447 683 511 Inter
734 447 899 512 haec
952 445 1161 513 maior
1211 446 1379 511 alius
1434 456 1688 512 terror:
1752 445 1979 511 Latini
2033 447 2296 531 equites
2357 468 2518 511 curn

403 551 820 615 tumultuoso
850 551 1161 616 advolant
1195 552 1453 628 nuntie,
1488 552 1772 616 Volscos
1814 552 2066 615 infesto
2098 552 2397 615 exercitu
2430 553 2518 615 ad

405 656 635 718 urbem
670 657 1187 738 oppugnandam
1218 656 1464 720 venire.
1563 656 1756 739 Quae
1791 656 2020 719 audita
2040 657 2312 718 —adeo
2345 656 2518 719 duas

405 779 488 822 ex
519 778 653 822 una
685 758 955 823 civitate
985 759 1318 823 discordia
1339 759 1591 824 fecerat
1611 759 1916 842 —longe
1948 759 2140 822 aliter
2169 769 2397 841 patres
2435 780 2517 824 ac

330 885 360 918 2
405 861 669 943 plebem
695 861 1016 926 adfecere.
1086 862 1441 926 Exsultare
1463 861 1706 944 gaudio
1730 861 1980 944 plebes,
2009 861 2261 925 ultores
2287 882 2519 943 super-

402 963 552 1028 biae
606 976 871 1047 patrum
925 966 1163 1030 adesse
1217 965 1438 1029 dicere
1489 966 1669 1030 deos.
1763 965 1964 1029 Alius
2017 965 2220 1029 alium
2277 967 2517 1029 confir-

403 1089 602 1144 mare,
654 1090 740 1132 ne
790 1069 1062 1132 nomina
1112 1070 1386 1146 darent,
1439 1090 1592 1134 cum
1653 1070 1962 1133 omnibus
2023 1069 2248 1151 potius
2308 1091 2510 1153 quam

402 1173 579 1237 solos
643 1173 1017 1256 perituros;
1084 1182 1308 1255 patres
1368 1173 1749 1249 militarent,
1802 1183 2027 1255 patres
2086 1194 2271 1237 arma
2326 1194 2517 1256 cape-

403 1286 569 1352 rent,
607 1286 679 1340 ut
737 1296 945 1359 penes
991 1277 1261 1340 eosdem
1308 1276 1605 1359 pericula
1648 1276 1805 1341 belli
1854 1297 2063 1360 penes
2110 1298 2277 1360 quos
2325 1298 2515 1360 prae-

328 1406 357 1453 3
400 1381 536 1445 mia
597 1390 840 1445 essent.
937 1380 1035 1444 At
1067 1401 1224 1444 vero
1272 1381 1457 1445 curia
1501 1390 1757 1445 maesta
1800 1401 1878 1445 ac
1931 1380 2190 1463 trepida
2229 1381 2515 1463 ancipiti

407 1494 593 1549 metu
640 1495 708 1548 et
755 1485 840 1548 ab
887 1484 1031 1549 cive
1085 1494 1153 1549 et
1206 1485 1291 1548 ab
1344 1484 1542 1549 hoste
1598 1485 1955 1549 Servilium
2002 1485 2368 1561 consulem,
2403 1485 2514 1549 cui

403 1589 749 1672 ingenium
803 1588 1015 1671 magis
1064 1589 1382 1671 populare
1429 1598 1590 1665 erat,
1626 1608 1815 1652 orare
1859 1598 1934 1652 ut
1975 1588 2186 1653 tantis
2232 1589 2517 1654 circum-

326 1719 359 1763 4
389 1703 674 1758 -ventam
717 1692 1081 1756 terroribus
1129 1693 1470 1775 expediret
1517 1713 1656 1758 rem
1703 1693 2054 1775 publicam.
2142 1693 2326 1757 ‘Tum
2361 1713 2517 1757 con-

403 1797 505 1862 sul
560 1797 765 1860 misso
814 1805 1049 1860 senatu
1100 1796 1170 1860 in
1220 1796 1603 1861 contionem
1649 1796 1886 1879 prodit.
1985 1797 2090 1861 Ibi
2121 1814 2319 1861 curae
2356 1816 2512 1861 esse

401 1901 700 1985 patribus
742 1900 1056 1975 ostendit,
1093 1909 1167 1963 ut
1217 1900 1605 1964 consulatur
1655 1900 1873 1983 plebi;
1918 1911 2219 1964 ceterum
2265 1901 2514 1965 delibe-

400 2004 640 2069 rationi
689 2005 772 2068 de
820 2004 1106 2067 maxima
1152 2004 1419 2087 quidem
1470 2003 1598 2080 illa,
1633 2005 1752 2068 sed
1797 2014 2026 2067 tamen
2062 2014 2253 2087 parte
2287 2004 2515 2068 civita-

325 2136 355 2186 5
402 2110 509 2186 tis,
554 2117 806 2173 metum
855 2128 974 2191 pro
1014 2108 1327 2172 universa
1371 2128 1444 2172 re
1489 2108 1756 2192 publica
1800 2107 2260 2174 intervenisse.
2361 2109 2510 2174 Nec

400 2235 615 2297 posse,
652 2234 801 2277 cum
857 2213 1086 2276 hostes
1136 2232 1340 2296 prope
1393 2212 1478 2277 ad
1531 2222 1758 2296 portas
1808 2223 2056 2289 essent,
2099 2212 2276 2277 bello
2325 2235 2513 2296 prae-

396 2317 568 2381 verti
623 2337 772 2381 sese
828 2318 1223 2400 quicquam,
1268 2338 1414 2393 nec,
1450 2317 1507 2380 si
1552 2317 1639 2381 sit
1685 2317 2042 2381 laxamenti
2088 2317 2355 2401 aliquid,
2389 2328 2512 2382 aut

398 2421 575 2505 plebi
622 2420 979 2485 honestum
1031 2440 1198 2497 esse,
1235 2421 1366 2485 nisi
1413 2421 1721 2485 mercede
1766 2421 1949 2504 prius
1995 2431 2288 2504 accepta,
2323 2442 2513 2486 arma

397 2547 515 2609 pro
570 2525 783 2608 patria
839 2545 974 2588 non
1026 2524 1303 2607 cepisse,
1354 2544 1574 2608 neque
1618 2524 1921 2608 patribus
1972 2525 2136 2590 satis
2189 2526 2510 2590 decorum

457 2712 657 2759 ALARM
691 2720 760 2757 012
800 2721 837 2757 A
871 2709 1145 2757 VonscmN
1181 2710 1332 2759 WAR.

459 2791 560 2845 24·
598 2792 759 2848 aliua,
771 2792 915 2856 from
937 2791 1149 2839 another
1171 2799 1398 2855 quarter.

391 2860 642 2907 —adeot
680 2858 801 2905 with
836 2857 900 2904 its
935 2863 1215 2919 customary
1248 2858 1399 2907 refer-

394 2939 517 2972 ence
541 2930 594 2971 to
612 2924 696 2971 the
719 2929 932 2970 context.
952 2923 1199 2984 —longe
1225 2923 1399 2983 aliter,

391 2990 513 3038 with
522 2990 626 3054 sar
647 2989 886 3053 dzjfferent
893 2988 1121 3053 feelings.

460 3068 502 3103 2.
538 3055 779 3103 ultores:
821 3053 885 3102 cf.
909 3054 967 3101 di
997 3070 1172 3116 regum
1204 3055 1400 3114 ultores,

392 3120 438 3170 6.
460 3132 503 3184 7.
518 3148 584 3157 —
596 3120 947 3177 confirmare,
965 3120 1230 3176 exhorted,·
1248 3137 1400 3185 prop·

392 3186 509 3249 erly,
534 3186 807 3234 confirmed
842 3186 968 3234 each
1006 3186 1150 3234 other
1185 3187 1236 3235 in
1272 3188 1402 3236 their

390 3267 622 3316 purpose.
644 3278 712 3289 —·
735 3252 1042 3316 perituros:
1097 3270 1163 3303 an
1210 3253 1400 3304 indica-

390 3319 489 3367 tive
541 3319 706 3368 clause
770 3320 821 3367 in
891 3321 978 3370 the
1040 3323 1213 3382 direct,
1251 3326 1266 3349 ‘
1281 3323 1402 3386 they

388 3385 1020 3439 would.’—rnilitarent:
1079 3405 1110 3438 a
1143 3391 1401 3454 hortatory

390 3450 571 3509 clause,
596 3455 744 3515 ‘they
770 3457 981 3511 should.)

451 3531 499 3577 4.
537 3518 595 3566 in
620 3523 976 3571 contionem=
1023 3530 1076 3571 to
1094 3525 1298 3573 address
1311 3525 1399 3574 the

387 3584 586 3646 people.
614 3613 683 3622 —
713 3601 880 3636 curae
942 3602 1103 3638 esse:
1166 3591 1243 3638 tle.
1289 3591 1401 3639 that

388 3648 507 3710 they
544 3651 645 3699 had
694 3652 733 3700 it
779 3669 847 3700 on
898 3654 1026 3702 their
1082 3654 1261 3712 minds,
1297 3657 1400 3704 and

387 3729 518 3762 were
552 3718 779 3778 engaged
817 3718 869 3765 in
915 3718 1106 3779 finding
1143 3735 1399 3768 measures

389 3777 448 3826 of
479 3781 633 3829 relies.
650 3808 717 3818 —
734 3783 983 3831 maxima
1008 3785 1239 3846 quidem
1266 3786 1388 3834 illa:

1503 2726 1590 2775 the
1624 2725 1765 2775 usual
1805 2727 1953 2775 order
1986 2726 2079 2775 illa
2115 2727 2319 2791 quidem
2354 2727 2397 2776 is
2431 2743 2510 2776 re-

1501 2794 1679 2841 versed
1712 2793 1929 2840 because
1978 2793 2066 2841 the
2108 2792 2212 2840 real
2252 2793 2512 2857 emphasis

1502 2858 1545 2905 is
1588 2874 1657 2906 on
1701 2859 1966 2908 maxima.
1990 2883 2055 2894 —
2079 2866 2263 2923 parte:
2314 2858 2433 2921 only
2477 2875 2514 2908 a

1569 3001 1614 3054 5.
1650 3004 1852 3054 posse:
1892 2989 2160 3054 emphatic,
2188 2991 2258 3039 ‘it
2284 3005 2388 3039 was
2416 2990 2511 3039 im-

1501 3056 1749 3120 possible!
1773 3084 1842 3093 —
1863 3056 2168 3121 praeverti:
2217 3057 2382 3105 active
2417 3059 2508 3106 de-

1501 3130 1709 3186 ponent,
1743 3123 1885 3171 ‘take
1931 3130 2000 3187 up
2035 3159 2047 3171 .
2077 3160 2090 3172 .
2120 3159 2132 3172 .
2167 3124 2357 3188 before)
2374 3125 2510 3174 —si

1503 3189 1591 3245 sit,
1634 3197 1757 3238 etc.:
1809 3190 1884 3238 τῖε.
1921 3190 1974 3237 in
2014 3204 2129 3238 case
2166 3190 2284 3252 they
2324 3192 2510 3240 should

1503 3255 1605 3304 first
1629 3256 1732 3304 find
1754 3272 2005 3306 measures
2026 3256 2085 3304 of
2101 3256 2256 3315 relies,
2276 3257 2315 3306 it
2338 3259 2510 3307 would

1502 3331 1590 3373 not
1629 3325 1693 3373 be
1728 3325 2006 3373 honorable
2041 3325 2117 3373 for
2150 3326 2236 3374 the
2273 3326 2420 3390 plebs
2454 3333 2511 3374 to

1501 3393 1664 3442 refuse
1687 3401 1739 3442 to
1764 3394 1882 3442 take
1909 3410 2038 3444 arms
2060 3393 2272 3443 without
2302 3394 2404 3442 first
2436 3410 2511 3442 re-

1500 3460 1699 3523 ceiving
1737 3461 1825 3509 the
1864 3460 2013 3509 relies
2050 3476 2106 3509 as
2145 3476 2175 3509 a
2213 3461 2422 3523 bounty.
2441 3488 2512 3498 -—

1501 3527 1752 3589 cepisse:
1806 3526 2017 3589 looking
2061 3526 2271 3575 foi-ward
2319 3533 2372 3575 to
2421 3527 2511 3575 the

1501 3592 1901 3718 53333330303
1921 3592 2510 3706 ᾇὴὶξὲῗέῗὲἑζῗὶιῗέἒ

1498 3748 1565 3757 -
1582 3736 1794 3783 neque:
1844 3722 1998 3784 really
2043 3738 2074 3770 a
2118 3723 2304 3771 double
2352 3739 2508 3784 nega-

1499 3785 1613 3844 tive,
1632 3787 1722 3835 but
1746 3787 1870 3851 Livy
1886 3788 1978 3836 has
1997 3787 2250 3850 forgotten
2274 3789 2362 3838 the
2386 3798 2507 3846 aut,
