2792 4316
327 320 425 372 ιω
1339 321 1524 372 lev.
1841 338 1846 344 ·
2252 318 2436 384 [Βοοκ
2458 319 2542 370 11.

427 494 795 568 conspectu
844 493 1004 561 erat,
1060 484 1126 549 P.
1179 482 1494 548 Valerius
1544 482 1780 548 consul
1829 482 2041 565 spolia
2092 481 2272 564 legit,
2307 481 2545 545 trium-

353 615 387 660 ⁴
427 590 776 672 phansque
823 587 980 651 inde
1029 589 1314 651 Romam
1365 587 1577 651 rediit.
1676 586 1992 670 Collegae
2035 586 2238 649 funus
2283 595 2546 669 quanto

427 701 570 756 tum
622 690 841 774 potuit
892 700 1213 774 apparatu
1262 691 1466 769 fecit3
1513 691 1631 754 sed
1677 691 1889 754 multo
1937 690 2148 753 maius
2190 690 2387 753 morti
2431 690 2547 752 de-

428 817 546 861 cus
578 796 842 878 publica
885 795 1015 859 fuit
1063 795 1414 871 maestitia,
1451 814 1531 858 eo
1576 804 1735 858 ante
1776 794 2002 858 omnia
2046 793 2346 876 insigniS,
2382 794 2546 876 quia

429 911 769 963 matronae
815 920 1063 963 annum
1109 908 1182 962 ut
1214 909 1562 981 parentem
1609 919 1762 962 eurn
1811 899 2139 974 luxerunt,
2173 899 2348 981 quod
2395 907 2542 961 tam

427 1025 580 1068 acer
609 1004 786 1068 ultor
815 1003 1099 1067 violatae
1132 1003 1492 1086 pudicitiae
1521 1003 1778 1067 fuisset.

354 1131 384 1178 5
520 1107 797 1173 Consuli
858 1107 1100 1171 deinde
1160 1107 1274 1190 qui
1336 1107 1775 1189 superfuerat,
1824 1115 1900 1170 ut
1961 1115 2116 1169 sunt
2179 1106 2542 1169 mutabiles

422 1211 604 1294 vulgi
654 1211 875 1287 animi,
930 1231 1012 1274 ex
1062 1211 1290 1274 favore
1344 1231 1480 1273 non
1530 1209 1777 1273 invidia
1826 1210 2022 1273 modo
2071 1210 2188 1273 sed
2240 1210 2543 1291 suspicio

353 1330 386 1375 6
427 1315 627 1379 etiam
663 1335 812 1379 cum
846 1314 1057 1378 atroci
1083 1314 1361 1378 crimine
1392 1324 1552 1378 orta.
1655 1303 1970 1398 Regnum
2004 1333 2155 1377 eum
2193 1311 2545 1377 adfectare

426 1419 606 1483 fama
634 1419 915 1494 ferebat,
950 1418 1106 1502 quia
1136 1425 1262 1483 nec
1300 1417 1623 1501 collegam
1671 1420 2147 1502 subrogaverat
2196 1417 2265 1480 in
2312 1417 2540 1481 locum

429 1522 620 1586 Bruti
682 1532 751 1586 et
814 1522 1205 1586 aedificabat
1259 1521 1329 1585 in
1392 1541 1654 1585 summa
1705 1522 1939 1586 Velia:
2001 1499 2093 1585 ibi
2140 1521 2278 1584 alto
2331 1531 2544 1604 atque

351 1654 382 1698 7
426 1625 685 1690 munito
735 1625 881 1690 loco
928 1646 1147 1689 arcem
1195 1625 1780 1708 inexpugnabilem
1840 1626 2000 1689 fore.
2099 1626 2290 1689 Haec
2351 1625 2545 1689 dicta

424 1732 624 1812 vulgo
672 1730 1056 1813 creditaque
1100 1750 1250 1793 cum
1283 1729 1686 1812 indignitate
1716 1739 2044 1813 angerent
2077 1728 2368 1793 consulis
2400 1729 2547 1792 ani-

425 1855 628 1911 mum,
682 1843 918 1897 vocato
968 1834 1051 1897 ad
1107 1833 1463 1897 concilium
1508 1832 1752 1915 populo
1814 1832 2187 1897 summissis
2234 1833 2542 1898 fascibus

426 1939 493 2001 in
527 1938 907 2002 contionem
942 1937 1259 2002 escendit.
1358 1937 1643 2001 Gratum
1667 1936 1734 2000 id
1759 1936 2171 2001 multitudini
2195 1948 2546 2020 spectacu-

426 2043 562 2106 lum
594 2042 743 2117 fuit,
782 2042 1138 2105 summissa
1171 2040 1300 2105 sibi
1328 2061 1478 2104 esse
1523 2039 1786 2125 imperii
1835 2039 2141 2123 insignia,
2174 2040 2545 2105 confessio-

426 2167 712 2230 nemque
737 2146 985 2210 factam
1011 2145 1236 2228 populi
1268 2167 1467 2229 quam
1492 2145 1786 2211 consulis
1819 2144 2239 2210 maiestatem
2264 2144 2546 2229 vimque

352 2265 381 2309 8
425 2250 740 2313 maiorem
776 2269 940 2314 esse.
1041 2249 1396 2328 Ibi,audire
1422 2248 1622 2313 iussis
1646 2248 1880 2313 consul
1904 2249 2171 2312 laudare
2192 2248 2541 2313 fortunam

428 2355 738 2436 collegae,
776 2354 951 2437 quod
997 2352 1278 2417 liberata
1320 2353 1538 2435 patria
1580 2352 1650 2416 in
1696 2372 1957 2416 summo
2002 2352 2255 2415 honore
2296 2372 2416 2434 pro
2461 2373 2544 2416 re

424 2459 689 2540 publica
723 2457 1046 2521 dimicans
1092 2467 1353 2520 matura
1398 2455 1609 2539 gloria
1651 2457 1941 2521 necdum
1989 2476 2065 2519 se
2107 2465 2417 2519 vertente
2462 2456 2541 2520 in

425 2561 737 2625 invidiam
798 2570 1080 2624 mortem
1127 2560 1577 2624 occubuisset.
1669 2558 1762 2624 Se
1809 2558 2238 2642 superstitem
2283 2559 2543 2643 gloriae

426 2685 586 2729 suae
619 2665 701 2728 ad
736 2664 985 2728 crimen
1026 2674 1227 2747 atque
1272 2664 1588 2728 invidiam
1635 2683 2009 2747 superesse,
2044 2684 2126 2727 ex
2183 2663 2539 2727 liberatore

351 2797 382 2837 9
424 2768 677 2851 patriae
742 2769 824 2831 ad
881 2767 1191 2851 Aquilios
1245 2788 1320 2831 se
1365 2766 1812 2851 Vitelliosque
1859 2766 2192 2832 recidisse.
2293 2768 2540 2831 ‘Num-

424 2959 483 3009 οἱ
509 2960 595 3008 the
632 2957 945 3022 expressions
979 2974 1081 3007 was
1115 2958 1300 3022 strictly
1324 2975 1431 3008 cor·
1525 2964 1651 3008 tress
1682 2957 1738 3008 in
1769 2958 1858 3008 the
1899 2958 2094 3008 Middle
2134 2960 2288 3021 Ages,
2319 2964 2372 3007 to
2412 2958 2540 3008 hold

422 3032 540 3074 rect.
557 3052 625 3061 —
642 3034 787 3074 erat:
828 3039 913 3073 see
938 3023 1023 3072 Gr.
1049 3036 1159 3085 324.
1185 3040 1233 3072 a.
1528 3025 1722 3073 control
1767 3040 1885 3073 over
1924 3024 2012 3073 the
2047 3023 2159 3087 city.
2179 3025 2400 3074 —forez
2448 3039 2539 3072 see

486 3105 535 3152 4.
593 3090 873 3151 collegae:
939 3089 1191 3154 emphatic
1244 3105 1299 3138 as
1344 3106 1433 3154 op-
1527 3097 1647 3139 note
1672 3106 1740 3139 on
1765 3090 2008 3148 nimium,
2037 3103 2081 3139 2.
2109 3102 2154 3152 3.

422 3158 579 3220 posed
605 3163 657 3204 to
683 3156 925 3213 Valerius,
951 3156 1066 3203 who
1102 3157 1352 3204 returned.
1369 3182 1436 3193 -
1596 3169 1638 3219 7.
1669 3156 2016 3218 indignitate,
2036 3156 2114 3203 the
2127 3162 2364 3219 outrage,·
2389 3171 2540 3219 prop-

381 3224 384 3227 '
423 3224 706 3272 luxerunt:
747 3236 831 3269 see
864 3221 937 3270 16.
968 3232 996 3283 7
1022 3236 1070 3269 n.
1528 3221 1645 3283 erly‚
1687 3222 1772 3270 the
1814 3222 2299 3270 ‘undeservedness'
2347 3221 2406 3269 of
2447 3222 2539 3270 the

490 3300 532 3352 5.
571 3302 639 3336 ex
673 3288 891 3336 favore:
935 3286 997 3335 cf.
1034 3303 1096 3334 ex
1128 3294 1285 3347 tanto,
1320 3294 1434 3343 etc„
1528 3288 2324 3338 accusation.—-incontionem
2341 3303 2539 3338 escen-

424 3354 470 3403 6.
495 3367 541 3403 2.
1529 3355 1637 3404 dit:
1683 3371 1713 3403 a
1747 3356 2023 3404 shorthand
2048 3355 2334 3420 expression
2360 3356 2438 3403 sor
2460 3372 2539 3405 as-

1529 3423 1748 3486 cending
1765 3430 1817 3472 to
1832 3439 1971 3472 some
1990 3423 2153 3487 place,
2168 3428 2259 3471 not
2280 3422 2540 3487 specified,

421 3471 694 3520 VALERIUS
751 3484 944 3521 Ymtns
1004 3485 1074 3521 ΤΟ
1122 3485 1236 3521 THE
1280 3473 1436 3538 JEAL-
1528 3496 1581 3539 to
1605 3490 1808 3539 address
1831 3491 1917 3539 the
1942 3491 2158 3539 citizens,

602 3549 739 3585 OUSY
775 3550 844 3586 oF
876 3551 990 3587 THE
1026 3539 1244 3587 PEOPLE.
1596 3556 1639 3605 8.
1678 3558 1869 3606 audire
1894 3557 2098 3607 iussis:
2140 3557 2216 3605 εἶα.
2241 3556 2329 3604 the
2358 3555 2543 3605 herald

489 3619 534 3668 6.
571 3620 934 3669 aedificabat:
983 3620 1104 3669 used
1144 3621 1436 3683 absolutely,
1530 3621 1723 3670 ‘called
1746 3623 1885 3670 them
1914 3629 1966 3670 to
2000 3621 2540 3679 order.’—necdum,

423 3700 478 3732 as
517 3684 657 3732 often
699 3684 752 3732 in
798 3685 1309 3747 English—Velia:
1349 3687 1436 3734 the
1531 3687 1646 3734 and
1665 3686 1801 3750 (yet)
1834 3694 1921 3735 not
1940 3694 2038 3749 yet,
2063 3702 2119 3735 as
2139 3686 2243 3735 had
2275 3686 2355 3735 his
2388 3702 2531 3744 own3
2628 3734 2635 3743 ,

424 3750 564 3810 ridge
610 3765 776 3797 across
822 3750 948 3798 from
989 3751 1076 3797 the
1117 3751 1342 3798 Palatine
1383 3757 1436 3799 to
1532 3752 1680 3814 ‘fully
1725 3751 1990 3815 complete,
2035 3752 2126 3800 but
2180 3757 2263 3814 yet
2307 3758 2399 3799 not
2453 3758 2542 3813 yet

424 3813 512 3861 the
539 3814 811 3876 Esquiline.
828 3829 1125 3864 —arcerm
1159 3814 1261 3862 like
1286 3831 1316 3863 a
1339 3815 1436 3863 for·
1533 3817 1714 3865 turned
1745 3816 1830 3866 the
1855 3818 2000 3866 other
2021 3817 2541 3881 way.’—Aquili08,
