2792 4316
278 364 475 414 CHAPS.
502 376 547 424 2,
574 376 620 427 3,
642 363 720 428 4.]
1303 365 1485 414 LIVY.
2398 368 2492 422 153

279 529 582 593 culosum
616 549 766 592 esse
811 527 881 592 in
926 538 1028 592 tot
1074 529 1382 592 humanis
1432 529 1766 593 erroribus
1814 530 1953 593 sola
1998 530 2386 595 innocentia

277 632 521 696 vivere.
620 633 726 695 Ita
755 632 885 695 iam
918 652 1037 695 sua
1069 642 1308 714 sponte
1340 632 1556 713 aegris
1588 633 1826 696 animis
1873 633 2075 717 legati
2108 636 2192 698 ab
2227 636 2389 718 regi·
2433 663 2463 711 5

277 735 406 800 bus
459 735 939 819 superveniunt
996 735 1140 798 sine
1191 736 1534 799 mentione
1585 736 1836 800 reditus
1887 738 2062 801 bona
2126 748 2387 803 tantum

278 849 680 923 repetentes
779 840 1028 903 Eorum
1074 841 1276 902 verba
1321 849 1674 923 postquam
1730 839 1797 903 in
1862 851 2100 905 senatu
2163 844 2391 907 audita

279 952 458 1019 sunt,
494 962 614 1025 per
642 943 893 1025 aliquot
926 942 1069 1006 dies
1102 963 1180 1006 ea
1210 943 1614 1007 consultatio
1662 944 1899 1020 tenuit,
1935 965 2020 1008 ne
2068 966 2203 1010 non
2251 949 2391 1011 red-

278 1046 419 1110 dita
479 1047 634 1110 belli
695 1066 912 1122 causa,
970 1046 1226 1110 reddita
1280 1046 1434 1109 belli
1490 1047 1768 1110 materia
1815 1057 1883 1111 et
1930 1050 2387 1114 adiumentum

279 1159 529 1215 essent.
597 1150 874 1214 Interim
901 1149 1104 1233 legati
1129 1150 1256 1213 alia
1279 1149 1512 1225 moliri,
1543 1160 1771 1232 aperte
1799 1153 1974 1216 bona
1998 1163 2385 1236 repetentes
2432 1167 2463 1211 6

280 1254 452 1318 clam
497 1254 912 1337 reciperandi
955 1254 1141 1336 regni
1174 1253 1452 1317 consilia
1487 1263 1785 1333 struere3
1834 1266 1902 1320 et
1934 1266 2270 1341 tamquam
2304 1260 2388 1324 ad

281 1357 350 1421 id
410 1357 586 1441 quod
636 1358 743 1439 agi
790 1357 1153 1433 videbatur,
1203 1356 1577 1421 ambientes
1628 1359 1944 1423 nobilium
2008 1361 2388 1426 adulescen-

282 1462 450 1525 tium
497 1461 752 1524 animos
800 1469 1266 1542 pertemptant.
1363 1461 1432 1524 A
1478 1462 1720 1546 quibus
1758 1463 2012 1547 placide
2044 1466 2253 1529 oratio
2285 1487 2383 1530 ac·
2428 1496 2460 1540 7

282 1574 481 1647 cepta
520 1574 642 1640 est,
677 1563 758 1627 iis
805 1564 1060 1626 litteras
1107 1564 1191 1626 ab
1239 1565 1620 1648 Tarquiniis
1667 1567 1973 1644 reddunt,
2010 1577 2076 1631 et
2108 1569 2192 1632 de
2221 1570 2386 1634 acci-

282 1670 541 1752 piendis
574 1669 745 1733 clam
781 1678 977 1732 nocte
1009 1667 1078 1731 in
1113 1670 1345 1732 urbem
1380 1670 1652 1752 regibus
1686 1670 2191 1755 conloquuntur.

367 1773 660 1838 Vitelliis
691 1773 1114 1857 Aquiliisque
1147 1773 1464 1837 fratribus
1490 1773 1701 1857 primo
1733 1775 2090 1839 commissa
2114 1797 2221 1840 res
2253 1787 2372 1841 est.
2414 1786 2454 1841 4

280 1878 705 1942 Vitelliorum
752 1898 939 1941 soror
982 1877 1238 1942 consuli
1286 1887 1497 1960 nupta
1544 1877 1749 1940 Bruto
1796 1888 1958 1954 erat,
1995 1879 2257 1963 iamque
2303 1901 2385 1945 ex

280 2003 361 2047 eo
393 1982 810 2047 matrimonio
842 1982 1306 2046 adulescentes
1354 1990 1543 2045 erant
1575 1981 1784 2057 liberi,
1819 1982 2016 2046 Titus
2049 1984 2385 2049 Tiberius-

281 2106 428 2171 que.
526 2087 662 2150 Eos
695 2107 957 2171 quoque
999 2085 1067 2150 in
1115 2086 1502 2150 societatem
1536 2084 1795 2149 consilii
1842 2086 2149 2150 avunculi
2194 2089 2383 2152 adsu-
2430 2111 2460 2144 π

280 2178 514 2256 munt?
595 2193 943 2256 Praeterea
1009 2192 1258 2275 aliquot
1320 2190 1578 2254 nobiles
1626 2190 2090 2255 adulescentes
2137 2193 2385 2257 conscii

278 2296 637 2379 adsumpti,
702 2317 981 2380 quorum
1042 2305 1381 2360 vetustate
1443 2293 1764 2358 memoria
1821 2295 2003 2358 abiit.
2101 2295 2380 2360 Interim
2427 2321 2459 2367 3

279 2420 432 2463 cum
466 2399 535 2462 in
567 2410 807 2462 senatu
828 2400 1100 2463 vicisset
1126 2398 1478 2473 sententia,
1514 2417 1683 2480 quae
1703 2398 2019 2461 censebat
2046 2400 2384 2465 reddenda

279 2504 474 2578 bona,
527 2523 805 2586 eamque
854 2504 1067 2585 ipsam
1122 2523 1388 2567 causam
1441 2521 1664 2564 morae
1718 2501 1786 2564 in
1841 2502 2005 2565 urbe
2058 2501 2383 2568 haberent

278 2606 504 2689 legati,
542 2608 717 2690 quod
750 2608 1037 2689 spatium
1071 2608 1152 2670 ad
1185 2606 1491 2670 vehicula
1535 2606 1976 2687 comparanda
2020 2626 2060 2669 a
2106 2608 2385 2671 consuli-

277 2710 406 2775 bus
439 2711 903 2793 sumpsissent,
938 2712 1178 2796 quibus
1212 2730 1444 2793 regum
1479 2718 1897 2793 asportarent
1930 2729 2057 2787 res,
2091 2731 2288 2775 omne
2318 2712 2384 2775 id

277 2823 547 2896 tempus
581 2835 733 2878 cum
766 2814 1125 2878 coniuratis
1159 2814 1601 2878 consultando
1635 2815 2014 2891 absumunt,
2044 2815 2385 2879 evincunt-

276 3089 454 3121 means
471 3072 642 3132 alone;
674 3088 772 3121 one
790 3074 947 3121 needs
965 3088 1103 3121 some
1122 3071 1285 3122 indul·
1457 3084 1500 3136 7.
1536 3072 1771 3137 placide,
1790 3073 2106 3149 fhvorably,·
2141 3075 2387 3139 properly,

276 3154 442 3202 gence
467 3139 541 3187 for
565 3139 770 3187 frailties
791 3140 1005 3189 besides.
1384 3138 1597 3187 without
1620 3138 1873 3201 objection
1897 3155 1953 3188 or
1977 3140 2187 3188 offence.

349 3218 393 3269 5.
430 3218 538 3254 sua
572 3214 807 3267 sponte:
849 3206 926 3253 i.e.
950 3205 1160 3253 without
1195 3205 1281 3253 the

277 3270 559 3319 additional
590 3271 815 3318 stimulus
839 3270 897 3318 of
921 3271 1008 3319 the
1032 3270 1208 3318 arrival
1231 3270 1290 3318 of
1381 3254 1506 3302 THE
1554 3254 1749 3304 YOUNG
1797 3255 2015 3303 Nomas
2067 3267 2191 3304 SIDE
2238 3268 2388 3304 wrm

278 3337 366 3384 the
393 3352 673 3398 envoys.—
689 3337 925 3385 animis:
966 3336 1198 3384 ablative.
1217 3361 1283 3371 —
1661 3332 1774 3368 THE
1814 3321 2107 3377 TARQUINS·

278 3416 383 3451 ne:
437 3403 514 3450 i.e.
561 3406 657 3449 ‘on
703 3408 917 3450 account
962 3401 1019 3449 of
1059 3402 1143 3450 the
1179 3401 1284 3449 fear
1451 3399 1512 3454 4.
1560 3403 1971 3461 adulescenteS,
1987 3419 2167 3466 grown
2193 3410 2275 3466 up.

277 3468 441 3526 that'3
485 3468 571 3516 the
593 3483 826 3531 purpose,
851 3467 1097 3531 properly,
1122 3467 1179 3515 of
1196 3468 1283 3516 the
1453 3480 1498 3531 3.
1536 3483 1662 3517 eam
1702 3469 1916 3531 ipsam:
1970 3469 2032 3517 cf.
2069 3469 2152 3517 Gr.
2196 3480 2303 3534 195,
2338 3468 2385 3517 d.

279 3534 480 3583 debate.
1386 3560 1450 3569 —
1465 3548 1715 3592 causam,
1739 3550 1910 3582 excuse
1921 3551 1944 3589 ‚·
1980 3534 2141 3582 hence
2165 3535 2250 3583 the
2274 3535 2388 3583 sub·

348 3598 393 3647 6.
430 3599 567 3648 alia:
595 3600 821 3662 opposed
840 3605 892 3647 to
911 3599 996 3647 the
1015 3598 1282 3646 ostensible
1379 3598 1604 3662 junctive
1639 3600 2044 3662 sumpsissent,
2069 3600 2268 3663 putting
2300 3600 2387 3649 the

279 3665 381 3713 aim
417 3665 475 3713 of
502 3665 631 3713 their
665 3666 792 3712 visit.
817 3691 884 3700 —-
906 3672 1176 3727 tanquam
1212 3665 1285 3714 ad
1383 3666 1548 3713 words
1567 3665 1672 3713 into
1691 3665 1776 3713 the
1796 3666 1996 3713 mouths
2009 3666 2068 3712 of
2084 3667 2170 3714 the
2188 3681 2388 3728 envoys.

279 3731 357 3787 id,
392 3738 514 3778 etc.:
567 3732 642 3779 i.e.
682 3731 781 3778 this
803 3746 905 3778 was
939 3730 1068 3778 their
1104 3745 1284 3778 excuse
1382 3757 1451 3766 —
1466 3731 1749 3788 evincunt,
1756 3731 1954 3795 finally
1969 3732 2172 3778 succeed
2190 3732 2248 3779 in
2264 3732 2388 3780 hav·

279 3796 359 3844 for
375 3796 577 3858 visiting
593 3797 679 3844 the
703 3811 872 3859 young
886 3795 1076 3856 noble5‚
1097 3802 1149 3844 to
1166 3796 1285 3859 gain
1385 3799 1489 3860 ing.
1512 3824 1580 3833 —
1602 3804 1665 3845 ut
1707 3833 1718 3844 .
1761 3832 1772 3844 .
1816 3831 1829 3844 .
1870 3796 2161 3843 darentur:
2217 3791 2385 3855 object

278 3861 411 3911 their
433 3860 695 3911 influence.
1382 3863 1565 3921 clause,
1589 3878 1643 3910 as
1666 3860 1786 3909 with
1810 3861 1972 3908 words
1996 3859 2054 3907 of
2079 3859 2383 3923 persuading
