2792 4316
234 294 424 344 Cfflu’s.
453 307 531 352 22,
555 294 663 359 ²3·]

1243 293 1426 343 LIVY.

231 458 491 540 legatos
522 443 917 539 aspernatus
949 457 1294 534 dimiserit,
1327 467 1401 521 ut
1435 457 1504 521 in
1536 477 1688 521 eum
1734 478 1970 523 omnes
2016 469 2331 542 expetant

230 561 765 630 huiusce.clades
797 560 994 626 belli.'

322 666 513 730 Haec
548 665 861 729 nuntiant
899 667 1169 730 domum
1202 665 1469 730 Albani.

229 789 493 833 summa
544 788 670 850 ope
729 769 1103 850 parabatur,
1161 769 1339 833 civili
1407 769 1817 833 simillimum
1880 771 2071 846 be110,
2129 792 2336 855 prope

228 873 409 936 inter
464 881 776 954 parentes
831 881 1176 956 natosque,
1234 873 1592 937 Troianam
1649 883 1998 957 utramque
2059 876 2329 957 prolem,

228 998 382 1040 curn
434 975 788 1039 Lavinium
834 977 919 1040 ab
965 976 1183 1052 Troia,
1218 977 1302 1040 ab
1352 976 1633 1040 Lavinio
1680 977 1876 1053 Alba,
1910 979 1995 1042 ab
2041 979 2333 1042 Albano-

231 1101 377 1142 rum
440 1079 648 1161 stirpe
709 1099 942 1162 regum
1005 1079 1265 1143 oriundi
1322 1080 1612 1144 Romani
1673 1091 1917 1145 essent.

2033 1083 2337 1146 Eventus
2378 1105 2408 1138 2

228 1193 457 1246 tamen
489 1183 647 1246 belli
681 1183 899 1246 minus
933 1183 1375 1247 miserabilem
1408 1183 1903 1248 dimicationem
1941 1185 2121 1261 fecit,
2157 1187 2332 1268 quod

230 1307 356 1350 nec
417 1287 556 1350 acie
618 1296 946 1350 certaturn
998 1295 1101 1350 est
1153 1295 1220 1350 et
1273 1287 1473 1350 tectis
1524 1288 1720 1350 modo
1769 1287 2005 1351 dirutis
2061 1289 2332 1352 alterius

230 1391 414 1454 urbis
449 1392 580 1454 duo
613 1390 834 1473 populi
867 1391 935 1453 in
969 1411 1173 1454 unum
1208 1390 1471 1455 confusi
1510 1401 1684 1455 sunt.

1780 1391 2029 1455 Albani
2078 1393 2332 1474 priores
2373 1416 2405 1461 3

229 1494 491 1577 ingenti
539 1494 834 1583 exercitu
880 1494 948 1556 in
994 1514 1226 1576 agrum
1277 1495 1657 1559 Romanurn
1706 1495 2029 1577 impetum
2092 1496 2328 1560 fecere.

231 1599 476 1662 Castra
506 1599 589 1661 ab
621 1599 785 1661 urbe
820 1598 997 1661 haud
1031 1598 1178 1680 plus
1211 1598 1504 1681 quinque
1548 1598 1729 1662 milia
1773 1619 2044 1680 passum
2089 1599 2331 1680 locant,

226 1703 416 1765 fossa
460 1701 1181 1766 circumdant—fossa
1235 1702 1478 1766 Cluilia
1520 1703 1606 1765 ab
1651 1702 1921 1766 nomine
1975 1703 2162 1768 ducis
2215 1724 2336 1786 per

226 1806 482 1888 aliquot
516 1805 780 1869 saecula
809 1805 1137 1887 appellata
1167 1816 1290 1881 est,
1318 1806 1531 1870 donec
1568 1827 1720 1870 cum
1768 1826 1840 1870 re
1886 1827 2132 1870 nomen
2180 1828 2336 1891 quo-

228 1930 363 1992 que
394 1919 735 1972 vetustate
767 1908 1074 1974 abolevit.

1172 1910 1251 1972 In
1285 1909 1389 1972 his
1431 1910 1669 1974 castris
1704 1909 2000 1986 Cluilius,
2028 1910 2336 1975 Albanus
2378 1941 2410 1986 4

227 2034 365 2089 rex,
431 2013 725 2088 moritur,
790 2012 1185 2077 dictatorem
1261 2012 1514 2077 Albani
1591 2014 1907 2077 Mettium
1987 2014 2333 2078 Fufetium

228 2126 480 2183 creant.

323 2221 605 2285 Interim
637 2221 875 2285 Tullus
907 2221 1094 2284 ferox
1126 2221 1481 2304 praecipue
1513 2232 1726 2286 morte
1773 2222 1967 2306 regiS,
1995 2243 2338 2305 magnum-

227 2345 362 2408 que
416 2326 688 2389 deorum
743 2345 1010 2400 numen,
1068 2326 1151 2387 ab
1213 2325 1357 2407 ipso
1420 2326 1640 2408 capite
1699 2346 1941 2404 orsum,
2008 2327 2075 2390 in
2138 2347 2336 2391 omne

228 2449 477 2492 nornen
510 2429 853 2493 Albanum
886 2429 1333 2511 expetiturum
1365 2450 1616 2511 poenas
1648 2431 1735 2493 ob
1766 2429 2014 2494 bellum
2057 2430 2333 2512 impium

227 2532 569 2608 dictitanS,
603 2543 804 2596 nocte
836 2532 1213 2615 praeteritis
1245 2533 1539 2597 hostium
1581 2533 1819 2597 castris
1867 2531 2112 2597 infesto
2160 2554 2337 2598 exer-

228 2636 370 2701 citu
394 2636 463 2699 in
487 2656 720 2719 agrum
748 2636 1085 2700 Albanum
1112 2636 1346 2719 pergit.
1430 2637 1531 2731 Ea
1553 2657 1659 2701 res
1692 2638 1776 2701 ab
1802 2637 2063 2702 stativis
2097 2638 2335 2702 excivit
2377 2659 2408 2708 5

297 2868 601 2917 dimiserit:
651 2867 865 2917 indirect
897 2867 1143 2931 question.
1170 2892 1237 2903 —

227 2936 290 2984 in
311 2931 445 2982 'eum
466 2942 760 2997 expetant:
794 2949 825 2982 a
842 2934 1049 2982 mixture
1062 2933 1119 2981 of
1137 2940 1234 2981 two

227 3000 610 3056 constructions‚
634 3001 693 3046 in
716 3015 830 3047 eum
853 3006 1059 3047 vertant
1079 2999 1237 3048 clades

226 3066 333 3114 and
355 3066 418 3113 ab
440 3082 491 3113 eo
505 3072 740 3129 expetant
749 3072 941 3128 poenas
953 3081 976 3120 ,·
1008 3064 1072 3113 cf.
1095 3072 1236 3128 expe-

224 3133 451 3179 titurum
479 3138 682 3194 poenas,
709 3144 788 3193 23.
822 3131 1230 3192 4.—huiusce=

226 3197 308 3245 for
332 3196 460 3245 form
483 3212 568 3245 see
592 3197 674 3245 Gr.
700 3212 750 3261 p.
776 3197 856 3260 67,
881 3195 1123 3245 footnote.

473 3315 610 3363 WAR
642 3326 790 3363 wrm
824 3316 989 3363 ALBA.

296 3392 397 3449 28.
440 3398 618 3446 civili:
674 3398 751 3446 i.e.
788 3397 1016 3446 between
1051 3395 1235 3446 fellow-

227 3463 469 3522 citizens3
519 3464 663 3512 inter
687 3470 1101 3527 parentes,etc.:
1138 3463 1237 3512 still

227 3543 368 3576 more
393 3529 515 3577 than
539 3529 943 3577 sellow-citizens.

299 3606 344 3643 2.
369 3595 514 3643 acie:
540 3594 755 3642 because
771 3593 886 3656 only
901 3595 1041 3642 three
1058 3592 1237 3656 fought

228 3674 300 3706 on
323 3659 449 3707 each
474 3659 678 3707 side.—
693 3659 856 3708 tectis
891 3662 1081 3717 motin,
1106 3668 1230 3709 etc.:

228 3723 441 3772 without
464 3740 561 3786 any
581 3724 681 3773 loss
704 3724 761 3772 of
789 3724 890 3773 life.

298 3802 346 3853 3.
380 3790 564 3841 milia:
605 3805 689 3840 see
721 3789 805 3840 Gr.
832 3803 944 3855 247·
967 3806 1090 3841 c.—
1107 3805 1234 3856 pas-

1338 2882 1500 2917 sum:
1542 2868 1737 2917 shorter
1762 2868 1889 2917 form
1913 2868 2108 2919 instead
2139 2870 2198 2918 of
2221 2877 2342 2934 pas·

1336 2950 1585 2982 suum.—-
1602 2949 1676 2992 re,
1702 2942 1825 2983 etc.:
1867 2936 1945 2984 τῖε.
1970 2936 2055 2983 the
2083 2935 2221 2985 ditch
2245 2937 2342 2985 dis·

1337 3001 1607 3063 appeared,
1654 3001 1756 3048 and
1802 3000 1889 3049 the
1944 3010 2093 3049 na'me
2149 3001 2208 3050 of
2255 3002 2343 3051 the

1296 3114 1301 3118 .
1336 3066 1483 3130 place
1505 3081 1606 3114 was
1630 3064 1883 3127 forgotten
1905 3066 2026 3116 als0.

1404 3146 1453 3192 4.
1487 3145 1610 3180 rex:
1652 3131 1774 3179 here
1804 3131 1926 3194 Livy
1949 3132 2120 3181 thinks
2154 3132 2213 3181 of
2238 3133 2345 3182 him

1339 3213 1394 3246 as
1430 3213 1461 3245 a
1496 3197 1635 3260 king,
1662 3204 1892 3259 contrary
1917 3205 1970 3246 to
2007 3200 2344 3261 imperitabat,

1339 3277 1418 3312 22.
1458 3278 1507 3324 4.
1529 3264 1783 3312 -ferox:
1835 3271 1923 3312 not
1957 3270 2007 3312 at
2041 3265 2106 3312 all
2145 3264 2247 3313 like
2267 3266 2345 3330 fe·

1338 3331 1546 3388 rocious,
1592 3331 1680 3378 but
1728 3328 1985 3395 confident,
2025 3330 2344 3379 emboldened.

1335 3411 1691 3461 —magnum
1724 3434 1735 3446 .
1769 3433 1781 3445 .
1817 3431 1829 3443 .
1862 3411 2104 3445 numen:
2144 3396 2339 3459 equiva-

1337 3462 1442 3512 lent
1466 3470 1517 3511 to
1541 3462 2339 3526 overrulingpower.—capite:

1339 3529 1418 3578 i.e.
1443 3529 1662 3586 Cluilius,
1696 3544 1832 3592 upon
1869 3529 2035 3576 whom
2069 3527 2106 3575 it
2140 3527 2241 3575 had
2275 3527 2343 3575 al-

1337 3595 1490 3656 ready
1526 3595 1678 3643 taken
1712 3609 2102 3656 vengeance.—-
2120 3593 2178 3641 in
2219 3628 2232 3641 .
2275 3627 2288 3642 .
2330 3627 2344 3642 .

1338 3674 1579 3709 nomen:
1619 3660 1678 3708 cf.
1709 3662 1766 3707 in
1792 3675 1926 3715 eum,
1955 3672 2032 3708 22.
2062 3671 2089 3722 7
2113 3674 2163 3705 n.

1407 3739 1450 3789 5.
1499 3725 1737 3780 stativis,
1775 3733 1918 3788 camp
1934 3742 1956 3780 ‚·
1997 3741 2053 3773 so
2096 3724 2257 3773 called
2291 3738 2347 3773 as

1337 3791 1491 3855 being
1538 3807 1567 3840 a
1616 3797 1910 3856 permanent
1956 3806 2068 3849 one,
2107 3791 2210 3839 and
2257 3795 2347 3839 not

2370 295 2433 348 61

1567 667 1659 730 Et
1702 667 1949 731 bellum
1997 667 2332 752 utrimque
2359 678 2435 734 28
