2792 4316
1312 302 1499 354 L1vv.
2273 300 2460 366 [Boon
2482 301 2524 351 1.

313 300 412 354 128

340 482 369 529 8
415 465 699 531 maxime
743 466 1122 543 dissereret,
1156 465 1517 531 intervenit
1556 464 1976 550 Tarquinius,
2072 465 2141 529 Is
2188 463 2342 528 finis
2386 484 2522 528 ora-

410 570 579 633 tioni
630 569 777 636 fuit.
870 569 1117 634 Aversi
1169 590 1404 634 omnes
1452 570 1536 633 ad
1585 570 2016 653 Tarquinium
2071 569 2516 644 salutandum,

410 675 542 757 qui,
593 673 860 739 silentio
909 672 1110 751 fact0,
1159 674 1454 739 monitus
1499 694 1540 738 a
1585 674 1900 757 proximis
1955 683 2029 737 ut
2082 682 2400 755 purgaret
2448 692 2519 735 se

410 780 588 861 quod
618 778 685 842 id
709 778 1031 861 temporis
1055 778 1372 854 venisset,
1394 778 1912 861 disceptatorem
1943 777 2035 841 ait
2070 797 2142 840 se
2175 787 2517 858 sumptum

408 883 587 947 inter
617 892 875 965 patrem
916 891 984 946 et
1023 882 1234 979 filium
1281 902 1439 947 cura
1479 881 1947 947 reconciliandi
1984 901 2100 944 eos
2133 881 2202 943 in
2234 881 2518 963 gratiam

410 997 739 1050 moratum
778 1006 927 1050 esse
965 997 1053 1062 et,
1087 987 1242 1069 quia
1276 1006 1357 1050 ea
1391 1006 1501 1050 res
1538 985 1893 1050 exemisset
1927 985 2110 1049 illum
2142 985 2339 1060 diem,
2375 1005 2521 1066 pos-

335 1121 368 1165 9
412 1100 561 1155 tero
586 1091 699 1154 die
733 1101 1039 1155 acturum
1077 1111 1246 1173 quae
1287 1090 1767 1155 constituisset.
1865 1090 1972 1153 Ne
2014 1088 2079 1152 id
2123 1088 2393 1171 quidem
2436 1089 2520 1151 ab

409 1195 642 1259 Turno
680 1192 916 1258 tulisse
954 1194 1233 1259 tacitum
1264 1193 1532 1271 ferunt;
1576 1193 1823 1257 dixisse
1865 1192 2044 1256 enim
2087 1192 2337 1255 nullam
2380 1193 2522 1255 bre-

409 1298 657 1362 viorem
716 1317 866 1362 esse
920 1298 1372 1380 cognitionem
1419 1318 1617 1380 quam
1664 1297 1841 1360 inter
1884 1305 2142 1379 patrem
2189 1304 2257 1360 et
2308 1295 2519 1359 filium

411 1400 772 1485 paucisque
809 1401 1089 1484 transigi
1119 1400 1340 1466 verbis
1376 1420 1616 1483 posse:
1662 1400 1732 1463 ni
1768 1408 1996 1482 pareat
2032 1399 2225 1482 patri,
2259 1399 2524 1464 habitu-

411 1526 556 1569 rurn
589 1505 1028 1569 infortunium
1060 1525 1226 1570 esse.

309 1624 382 1681 51
506 1609 697 1673 Haec
729 1608 1102 1672 Aricinus
1085 1630 1152 1673 m
1197 1628 1426 1692 regern
1462 1607 1890 1672 Romanum
1872 1627 2223 1690 increpans
2254 1627 2338 1671 ex
2368 1627 2525 1672 con·

413 1712 565 1777 cilio
604 1712 784 1776 abiit.
881 1712 1102 1794 Quam
1134 1732 1271 1776 rem
1305 1699 1709 1795 Tarquinius
1739 1711 2079 1794 aliquanto
2110 1731 2310 1794 quam
2340 1709 2522 1775 vide-

412 1817 607 1880 batur
628 1815 891 1898 aegrius
913 1815 1138 1879 ferens
1164 1815 1521 1881 confestim
1546 1816 1782 1880 Turno
1810 1834 2045 1879 necem
2076 1813 2516 1890 machinatur,

412 1929 486 1982 ut
525 1919 809 1982 eundem
851 1924 1190 1994 terrorem,
1225 1939 1356 2002 quo
1394 1919 1634 1983 civium
1673 1919 1934 1983 animos
1965 1917 2146 1982 domi
2175 1937 2522 2000 oppresse-

338 2052 369 2085 α
414 2032 536 2098 rat,
567 2022 825 2086 Latinis
856 2021 1152 2087 iniceret.
1233 2024 1323 2086 Et
1348 2023 1503 2105 quia
1533 2043 1651 2105 pro
1682 2022 1958 2104 imperio
1981 2022 2198 2104 palam
2228 2021 2519 2086 interfici

411 2148 547 2191 non
601 2135 881 2210 poterat,
939 2126 1161 2192 oblato
1214 2127 1384 2191 falso
1439 2127 1715 2192 crimine
1768 2126 2106 2190 insontem
2159 2126 2515 2208 oppressit.

415 2233 539 2296 Per
567 2233 883 2295 adversae
923 2230 1237 2296 factionis
1275 2232 1599 2315 quosdam
1637 2230 1955 2295 Aricinos
1997 2249 2264 2293 servum
2301 2229 2519 2294 Turni

410 2356 570 2399 auro
602 2335 913 2416 corrupit,
941 2345 1014 2399 ut
1046 2334 1114 2399 in
1147 2334 1595 2399 deversorium
1630 2334 1776 2398 eius
1798 2334 1937 2397 vim
1972 2354 2282 2416 magnam
2315 2333 2522 2416 gladi-

1510 2548 1923 2611 cognitionem:
1974 2547 2037 2598 cf.
2073 2560 2155 2609 49.
2188 2561 2235 2608 4.
2254 2574 2321 2584 —-
2338 2561 2518 2612 quam

408 2550 604 2598 lawless
648 2549 848 2598 action!
870 2574 934 2584 —
965 2563 1097 2599 cum
1144 2549 1409 2610 maxime,

1512 2615 1673 2673 inter,
1692 2621 1804 2672 etc.,
1821 2615 1947 2662 than
1965 2614 2073 2662 that
2091 2615 2314 2672 between,
2331 2622 2446 2672 etc.,
2465 2614 2519 2662 in

437 2616 528 2664 'ust
544 2614 687 2663 when
701 2632 724 2670 ,·
760 2614 834 2662 for
857 2616 1027 2673 mood,
1050 2631 1135 2664 see
1168 2615 1257 2664 Gr.
1297 2628 1410 2678 323.

418 2682 517 2729 she
569 2680 732 2728 whole
788 2686 1041 2739 sentence,
1081 2681 1202 2729 with
1260 2683 1411 2730 Latin

409 2746 764 2810 compression,
811 2747 1040 2794 contains
1100 2752 1199 2796 two
1260 2754 1410 2796 state-

407 2819 585 2871 ments,
620 2812 817 2869 ‘Thus,'
853 2819 965 2869 etc.,
1001 2812 1116 2861 ‘did
1161 2813 1248 2862 the
1293 2829 1412 2861 man

1512 2681 1821 2729 accordance
1842 2680 1963 2727 with
1988 2680 2074 2728 the
2099 2679 2311 2741 English
2341 2679 2517 2728 idiom.

1510 2747 1808 2797 —verbisz
1848 2746 1926 2794 i.e.
1950 2745 2037 2794 the
2061 2745 2333 2807 following,
2348 2745 2517 2794 which

1511 2812 1678 2861 would
1702 2812 1767 2860 be
1798 2812 1885 2861 the
1914 2810 2194 2874 judgment.
2210 2838 2272 2846 -
2289 2819 2512 2875 pareate

407 2878 678 2939 harangue,
703 2876 857 2939 being
885 2878 964 2940 (to
995 2886 1209 2928 account
1234 2878 1309 2927 for
1333 2880 1412 2928 his

407 2944 601 3005 action)
630 2959 661 2990 a
693 2957 812 2990 man
835 2943 982 3001 wh0,'
1008 2951 1125 3002 etc.,
1151 2946 1281 2994 ‘and
1308 2943 1412 3008 just

406 3011 492 3067 as,'
517 3016 628 3067 etc,
654 3007 903 3071 ‘Tarquin
929 3025 1069 3057 came
1092 3010 1175 3060 in.’

472 3074 517 3124 8.
555 3075 625 3131 is,
650 3074 758 3121 that
782 3074 888 3137 (his
914 3075 1172 3139 coming);
1215 3091 1299 3125 see
1322 3076 1410 3126 Gr.

411 3151 517 3204 195.
552 3140 679 3187 d.—
696 3139 951 3189 silentio.
1005 3142 1081 3189 i.e.
1119 3142 1183 3204 by
1216 3143 1411 3206 procla-

405 3207 611 3254 mation.
625 3233 692 3241 —
703 3206 977 3269 proximis
995 3225 1006 3254 :
1033 3208 1148 3255 who
1163 3208 1264 3256 had
1280 3209 1411 3258 been

405 3278 621 3335 present.
643 3272 790 3321 —id
839 3274 1142 3337 temporis:
1192 3289 1276 3322 see
1323 3274 1410 3324 Gr.

407 3350 519 3398 240.
547 3338 588 3386 b.
604 3365 666 3374 —
683 3338 1138 3402 disceptatorem,
1162 3355 1233 3388 an
1268 3341 1410 3388 arbi·

403 3410 495 3461 ter,
519 3404 571 3452 in
595 3419 625 3452 a
647 3404 838 3468 private
866 3405 1104 3468 capacity.

469 3482 518 3531 9.
553 3470 625 3528 id,
649 3471 770 3518 with
807 3469 947 3527 that‚·
982 3469 1080 3533 obj.
1106 3470 1165 3518 of
1190 3471 1409 3520 tulisse.

401 3563 468 3573 —
486 3536 706 3594 tulisse,
726 3543 838 3594 etc.,
854 3536 915 3584 he
936 3536 1040 3598 (i.e.
1058 3536 1307 3600 Tarquin)
1327 3544 1414 3600 gvt

403 3602 480 3667 off
504 3602 715 3649 without
753 3602 991 3667 reproach
1005 3618 1028 3658 ‚·
1075 3618 1106 3650 a
1140 3601 1410 3666 colloquial

404 3682 492 3716 use
528 3668 586 3716 of
606 3668 768 3732 ferre,
801 3682 856 3716 as
889 3667 940 3716 in
976 3668 1062 3716 the
1098 3668 1411 3730 comedy.—-

405 3732 646 3781 dixisse:
687 3734 765 3781 i.e.
798 3733 1010 3789 Turnus,
1035 3732 1156 3781 with
1181 3734 1267 3781 the
1292 3733 1407 3780 Liv-

405 3796 489 3844 ian
524 3796 739 3844 careless
772 3796 969 3858 change
1015 3797 1074 3846 of
1111 3797 1319 3861 subject.
1341 3823 1411 3834 —

1514 2877 1577 2926 cf.
1602 2878 1830 2927 audiant
1852 2878 1904 2926 in
1929 2877 2054 2926 6.—
2069 2877 2398 2926 habiturum
2433 2877 2515 2925 in·

1512 2944 1854 2994 fortunium:
1894 2959 1924 2991 a
1952 2949 2202 3007 pregnant
2225 2942 2516 3007 expression

1510 3010 1613 3058 like
1637 3010 1722 3058 the
1748 3009 1956 3071 English
1981 3013 1994 3036 ‘
2008 3024 2151 3057 come
2168 3015 2221 3057 to
2238 3008 2371 3070 grief
2380 3010 2418 3067 ’ς
2452 3007 2514 3057 cf.

1513 3076 1706 3124 malum
1727 3075 1922 3123 habere.
1976 3075 2088 3123 Τὶιε
2107 3075 2293 3138 patria
2305 3081 2518 3138 potestas

1511 3156 1613 3190 was
1635 3141 1912 3190 unlimited.

1569 3259 1714 3307 RmN
1748 3268 1864 3306 ΑΜ)
1899 3257 2097 3305 DEATH
2131 3267 2200 3303 οι·-
2230 3256 2471 3305 TURNUS.
2513 3252 2516 3255 ’

1577 3337 1678 3393 51.
1715 3353 1889 3404 quam
1940 3338 2255 3397 videbatur,
2288 3339 2416 3387 than
2458 3338 2517 3387 he

1507 3484 1623 3585 ἴε.
1668 3486 1815 3585 Ξίιῖον
1827 3470 2081 3547 imperio,
2119 3470 2191 3584 l{y
2233 3470 2406 3519 virtue
2431 3470 2518 3585 ulfi.

1510 3552 1664 3651 hffvea
1682 3544 1925 3651 beenftzz-
1942 3551 2084 3665 agera:
2138 3551 2515 3662 sggnagr.cg46.

1510 3667 1551 3715 b.
1575 3694 1642 3704 —-
1663 3668 2077 3716 deversorium:
2128 3667 2208 3715 i.e.
2244 3667 2331 3715 the
2371 3667 2515 3730 place

1508 3733 1675 3780 where
1722 3733 1786 3780 he
1830 3732 2016 3795 lodged
2054 3731 2205 3781 while
2251 3733 2518 3796 attending

1509 3797 1597 3846 the
1620 3797 1835 3847 council.
