2792 4316
326 324 424 376 218
1352 328 1535 377 L1vv.
2253 328 2446 392 [ssoox
2469 328 2541 377 11.

327 499 399 553 87
527 492 701 556 Ludi
763 513 960 575 quam
1025 492 1419 575 amplissimi
1469 502 1543 556 ut
1598 493 1839 556 fierent
1894 503 2169 556 senatus
2218 492 2541 556 decrevit.

431 594 544 659 Ad
593 616 707 659 eos
762 596 954 659 ludos
1007 606 1278 660 auctore
1324 596 1523 659 Attio
1571 597 1793 660 Tullio
1838 596 1939 660 vis
1989 617 2234 679 magna
2265 596 2548 660 Volsco-

358 724 387 755 2
433 720 578 763 rum
612 699 812 764 venit.
913 699 1301 781 Priusquam
1337 701 1918 763 committerentur
1954 699 2109 775 ludi,
2144 700 2429 775 Tullius,
2467 709 2545 762 ut

430 803 608 866 domi
640 803 1082 885 compositum
1117 823 1266 865 cum
1303 803 1558 867 Marcio
1589 804 1826 879 fuerat,
1854 805 1934 866 ad
1969 804 2277 866 consules
2308 804 2497 866 venit
2528 824 2546 880 ;

355 931 384 976 3
433 907 593 971 dicit
646 927 796 970 esse
849 926 1018 989 quae
1062 916 1322 969 secreto
1368 927 1569 988 agere
1617 908 1700 971 de
1742 928 1813 970 re
1844 908 2107 990 publica
2137 908 2316 972 velit.
2413 907 2546 970 Ar-

430 1011 622 1074 bitris
684 1011 956 1074 remotis
1023 1009 1357 1073 ‘Invitus'
1419 1011 1633 1094 inquit
1701 1012 1912 1093 ‘quod
1967 1011 2240 1093 sequius
2302 1012 2390 1074 sit
2456 1012 2543 1074 de

429 1115 596 1178 meis
651 1114 908 1178 civibus
959 1113 1207 1197 loquor.
1305 1114 1463 1177 Non
1510 1126 1736 1178 tamen
1781 1115 2146 1178 admissum
2180 1115 2541 1198 quicquam

428 1220 513 1282 ab
577 1218 657 1280 iis
720 1218 1142 1282 criminatum
1205 1218 1420 1294 venio,
1480 1220 1597 1282 sed
1660 1228 1931 1282 cautum
2001 1238 2086 1282 ne
2154 1218 2537 1283 admittant.

355 1348 386 1391 4
436 1322 665 1404 Nimio
727 1322 876 1404 plus
931 1342 1128 1404 quam
1180 1322 1378 1385 velim
1431 1332 1812 1386 nostrorum
1869 1322 2139 1405 ingenia
2190 1333 2350 1386 sunt
2406 1344 2546 1386 mo-

355 1448 383 1495 5
433 1426 602 1490 bilia.
703 1426 934 1489 Multis
976 1426 1043 1488 id
1081 1426 1376 1489 cladibus
1413 1426 1766 1502 sen'simus,
1801 1427 2046 1509 quippe
2077 1426 2189 1509 qui
2222 1447 2358 1490 non
2391 1448 2547 1490 nos-

429 1540 534 1594 tro
566 1530 806 1593 merito
840 1530 958 1592 sed
979 1539 1203 1592 vestra
1234 1530 1560 1611 patientia
1584 1530 1953 1593 incolumes
1978 1530 2204 1595 simus,
2287 1531 2547 1613 Magna

430 1634 536 1697 hic
583 1655 763 1698 nunc
807 1633 1205 1697 Volscorum
1262 1634 1621 1697 multitudo
1684 1644 1828 1711 est;
1889 1634 2028 1697 ludi
2090 1644 2290 1711 sunt3
2356 1656 2546 1717 spec-

355 1755 385 1800 6
437 1739 659 1803 taculo
714 1738 977 1800 intenta
1022 1737 1257 1800 civitas
1305 1738 1449 1802 erit.
1549 1738 1830 1801 Memini
1878 1739 2034 1821 quid
2088 1758 2208 1821 per
2252 1740 2543 1803 eandem

432 1843 844 1909 occasionem
896 1842 980 1904 ab
1030 1841 1429 1905 Sabinorum
1478 1842 1828 1905 iuventute
1876 1842 1943 1904 in
1995 1842 2120 1905 hac
2166 1843 2331 1905 urbe
2365 1863 2545 1906 corn-

430 1949 705 2013 missum
756 1946 858 2009 sit.
958 1945 1209 2009 Horret
1255 1946 1517 2009 animus
1562 1966 1647 2009 ne
1694 1946 1850 2029 quid
1897 1945 2273 2010 inconsulte
2320 1966 2398 2010 ac
2448 1958 2545 2010 te-

429 2073 610 2117 mere
643 2051 772 2114 fiat.
872 2048 1064 2112 Haec
1109 2058 1342 2112 nostra
1377 2059 1734 2132 vestraque
1781 2070 1981 2113 causa
2025 2048 2205 2131 prius
2252 2049 2543 2114 dicenda

354 2185 384 2228 7
431 2148 641 2233 vobiS,
676 2152 1005 2228 consuleS,
1029 2164 1212 2217 ratus
1245 2174 1409 2217 sum.
1510 2153 1705 2236 Quod
1738 2154 1819 2217 ad
1854 2175 1961 2217 me
1991 2152 2251 2229 attinet,
2288 2163 2544 2218 extem-

430 2263 540 2346 plo
590 2260 745 2322 hinc
797 2259 1068 2321 domum
1114 2258 1295 2321 abire
1343 2258 1412 2320 in
1456 2258 1676 2321 animo
1716 2268 1838 2332 est,
1875 2278 1960 2321 ne
1994 2258 2181 2320 cuius
2212 2257 2376 2321 facti
2407 2259 2543 2323 dic-

432 2368 567 2429 tive
621 2362 1021 2444 contagione
1074 2382 1391 2443 praesens
1447 2361 1689 2425 violer.'
1787 2362 1979 2425 Haec
2033 2361 2296 2425 locutus
2349 2363 2537 2428 abiit.

357 2484 385 2527 8
436 2467 765 2534 Consules
809 2486 958 2528 cum
1010 2466 1090 2528 ad
1138 2475 1360 2547 patres
1406 2486 1544 2528 rem
1588 2466 1853 2529 dubiam
1890 2467 2014 2529 sub
2044 2475 2317 2529 auctore
2350 2477 2541 2530 certo

431 2572 849 2645 detulissent,
886 2578 1120 2632 auctor
1150 2569 1382 2651 magis,
1421 2579 1492 2633 ut
1527 2570 1621 2644 fit,
1657 2590 1853 2652 quam
1888 2590 1993 2633 res
2025 2570 2107 2631 ad
2139 2590 2542 2652 praecaven-

430 2680 588 2743 dum
637 2675 742 2738 vel
796 2694 877 2737 ex
930 2693 1341 2754 supervacuo
1398 2674 1602 2736 movit
1629 2694 1643 2749 ;
1698 2673 2010 2755 factoque
2064 2683 2338 2736 senatus
2389 2695 2541 2738 con.-

432 2782 609 2846 sulto
657 2792 730 2844 ut
780 2781 1010 2844 urbem
1059 2780 1457 2843 excederent
1501 2778 1749 2854 Volsci,
1784 2800 2165 2867 praecones·
2191 2780 2541 2843 dimittun-

470 2961 895 3011 MAcnmmows
928 2971 997 3008 or
1029 2963 1229 3008 Amos
1260 2959 1396 3008 Tm„-
1592 2969 1636 3017 6.
1674 2970 2032 3026 Sabinorum,
2057 2976 2180 3018 ete.=
2218 2984 2322 3019 see.
2353 2969 2429 3018 18.
2457 2982 2505 3018 2.

867 3037 1003 3076 uus,
1593 3047 1637 3098 7.
1673 3036 1828 3097 quod
1863 3036 1935 3083 ad
1970 3049 2062 3084 me
2096 3035 2323 3084 attinet:
2366 3035 2431 3083 cf.
2458 3048 2539 3097 3¹·

495 3099 596 3155 37.
637 3114 679 3149 2.
706 3102 1218 3151 committerentur:
1246 3116 1331 3151 see
1348 3101 1436 3151 Gr.
1532 3114 1591 3149 10
1609 3100 2123 3162 n.—-contagione:
2163 3101 2240 3149 tle.
2275 3099 2342 3162 by
2382 3100 2541 3164 being

431 3181 545 3232 327·
566 3169 714 3217 —de
751 3182 808 3216 re
843 3168 1086 3230 publica,
1110 3183 1174 3214 on
1200 3183 1232 3215 a
1257 3174 1439 3215 matter
1525 3166 1812 3230 implicated
1849 3167 1899 3214 in
1935 3181 2031 3228 any
2068 3172 2164 3215 act.
2228 3165 2341 3213 The
2379 3166 2538 3229 figure

430 3235 495 3300 of
509 3241 645 3292 state,
669 3249 724 3282 as
755 3233 981 3297 opposed
1013 3240 1063 3281 to
1087 3233 1279 3297 private
1305 3231 1436 3282 busi-
1526 3233 1567 3280 is
1600 3232 1658 3280 of
1686 3247 1860 3280 course
1890 3232 2059 3280 drawn
2093 3231 2218 3280 from
2254 3247 2286 3280 a
2321 3231 2538 3291 disease‚

429 3315 559 3349 ness.
1526 3298 1614 3347 but
1638 3298 1723 3346 the
1756 3297 2062 3361 application
2087 3297 2128 3345 is
2151 3297 2385 3347 different
2409 3298 2540 3348 from

497 3378 542 3428 3.
579 3365 913 3422 admissum,
957 3371 1079 3413 etc.:
1132 3365 1208 3413 i.e.
1255 3371 1344 3412 not
1384 3369 1438 3413 to
1527 3365 1570 3412 Ι.
1627 3377 1698 3428 15.
1751 3377 2204 3429 1.—praesens:
2280 3366 2360 3415 tle.
2408 3382 2466 3415 as
2513 3367 2540 3416 1

431 3432 615 3493 charge
656 3432 765 3480 that
812 3431 929 3493 they
963 3430 1092 3479 have
1139 3432 1273 3480 done
1318 3446 1436 3493 any·
1526 3430 1703 3479 should
1742 3431 1783 3479 is
1813 3431 1837 3479 I
1874 3432 2054 3480 should
2088 3433 2296 3482 remain.

431 3497 595 3559 thing,
622 3497 724 3553 but,
752 3503 846 3545 etc.
1593 3496 1639 3545 8.
1675 3499 1922 3557 dubiam,
1948 3506 2072 3547 etc.:
2113 3500 2199 3548 the
2235 3507 2335 3548 two
2368 3500 2543 3564 things

495 3578 542 3624 4.
579 3561 780 3613 velim:
819 3577 902 3610 see
926 3562 1011 3612 Gr.
1038 3575 1148 3624 311.
1174 3563 1216 3611 b.
1526 3579 1610 3612 are
1651 3566 1950 3623 contrasted,
1993 3580 2023 3613 a
2064 3565 2296 3614 doubtful
2339 3573 2539 3626 matter,

500 3640 544 3693 5.
579 3629 864 3678 cladibus:
914 3629 1127 3690 ensuing
1168 3644 1303 3692 upon
1350 3629 1439 3677 the
1527 3630 1614 3678 but
1640 3646 1705 3677 on
1731 3639 1816 3678 too
1840 3632 1974 3692 good
2000 3631 2251 3691 authority
2269 3639 2323 3679 to
2346 3632 2411 3680 be
2437 3634 2539 3682 dis-

430 3693 574 3752 hasty
599 3694 767 3740 action
803 3693 860 3740 of
888 3694 974 3741 the
1010 3694 1191 3758 people
1221 3695 1271 3742 in
1296 3696 1438 3742 mak·
1527 3698 1788 3755 regarded.
1809 3723 1871 3731 —
1891 3697 1981 3746 vel
2027 3711 2096 3745 ex
2142 3711 2534 3760 super-vacum

432 3757 535 3866 {ngt
554 3772 677 3866 νὲειτε
721 3757 774 3805 in
812 3757 978 3806 which
1023 3758 1143 3822 they
1176 3774 1304 3807 were
1353 3761 1438 3808 de·
1528 3761 1606 3873 {ia
1633 3776 1757 3809 even
1794 3762 1846 3809 in
1871 3778 1985 3812 case
2010 3762 2048 3813 it
2069 3762 2253 3813 should
2278 3763 2342 3812 be
2366 3778 2534 3830 super·

455 3834 482 3865 e
539 3835 565 3865 e
604 3853 617 3868 .
1564 3840 1700 3874 uous.
