2792 4316
270 345 472 395 CHAPS.
503 343 580 403 18,
610 356 687 406 19,
712 342 820 408 20.]
1299 342 1482 393 LIVY.
2389 343 2484 396 183

270 510 360 573 ab
405 508 613 572 latere
659 528 988 572 concursu
1037 527 1307 572 suorum
1355 517 1673 590 receptus
1705 507 1772 571 in
1813 517 2035 573 tutum
2068 517 2188 573 est.
2286 510 2375 573 Et
2424 531 2455 577 7

272 615 358 677 ad
407 613 687 676 alterurn
734 632 940 675 cornu
977 611 1318 675 Aebutius
1366 611 1689 695 magister
1734 612 2032 695 equitum
2072 613 2140 676 in
2185 613 2384 678 Octa·

271 717 457 780 vium
515 715 885 780 Mamilium
940 715 1264 798 impetum
1315 716 1607 790 dederat,
1643 736 1769 779 nec
1820 716 2061 780 fefellit
2103 718 2381 780 veniens

273 821 731 885 Tusculanum
757 821 1013 895 ducem,
1042 830 1278 883 contra
1299 839 1498 902 quem
1532 830 1598 882 et
1632 819 1741 882 ille
1773 821 2064 884 concitat
2097 841 2339 904 equum
2366 843 2379 885 ε

275 935 597 1007 tantaque
620 923 722 987 vis
748 923 1013 986 infestis
1036 923 1453 986 venientium
1486 923 1697 987 hastis
1728 923 1855 986 fuit
1889 933 1962 987 ut
1996 925 2377 989 bracchium
2428 939 2455 981 8

276 1028 579 1092 Aebutio
603 1027 955 1091 traiectum
980 1027 1085 1102 sit,
1106 1026 1407 1090 Mamilio
1428 1037 1668 1108 pectus
1693 1047 2102 1109 percussum.
2173 1029 2378 1092 Hunc
2426 1054 2458 1097 9

234 1215 240 1222 ·
277 1132 547 1216 quidem
600 1131 670 1195 in
718 1131 1078 1195 secundam
1125 1130 1336 1194 aciem
1384 1130 1609 1194 Latini
1642 1151 1953 1213 recepere
1977 1152 1993 1209 ;
2039 1131 2381 1197 Aebutius

278 1257 433 1299 cum
467 1235 691 1299 saucio
722 1234 1032 1299 bracchio
1064 1242 1296 1298 tenere
1328 1225 1552 1297 telum'
1571 1255 1703 1297 non
1743 1245 1989 1317 posset,
2023 1256 2250 1319 pugna
2280 1258 2384 1299 ex-

278 1339 502 1404 cessit.
606 1339 886 1403 Latinus
933 1339 1067 1402 dux
1119 1337 1284 1400 nihil
1331 1338 1691 1402 deterritus
1736 1339 2010 1403 vulnere
2057 1340 2377 1422 proelium
2433 1365 2488 1397 10

279 1444 415 1510 ciet
466 1452 553 1519 et,
588 1442 743 1526 quia
791 1462 948 1506 suos
998 1442 1342 1524 perculsos
1390 1441 1676 1518 videbat,
1711 1443 1988 1506 arcessit
2038 1444 2383 1509 cohortem

280 1547 585 1613 exsulum
621 1548 1097 1622 Romanorum,
1134 1546 1242 1610 cui
1278 1545 1446 1609 Luci
1476 1546 1796 1629 Tarquini
1840 1547 2015 1610 filius
2057 1559 2375 1630 praeerat.

283 1652 406 1728 Ea,
441 1670 575 1734 quo
603 1650 850 1714 maiore
882 1651 1221 1733 pugnabat
1256 1650 1354 1712 ira
1384 1650 1471 1713 ob
1503 1660 1732 1732 erepta
1763 1651 1939 1714 bona
1969 1652 2385 1736 patriamque

280 1757 684 1837 ademptam,
718 1774 1011 1837 pugnam
1045 1773 1400 1835 parumper
1431 1754 1741 1818 restituit.
1859 1815 1864 1822 .

377 1858 857 1929 Referentibus
891 1857 1021 1920 iam
1054 1859 1291 1939 pedem
1324 1858 1409 1921 ab
1441 1878 1521 1921 ea
1563 1867 1752 1941 parte
1786 1859 2108 1923 Romanis
2143 1861 2231 1924 M.
2261 1859 2490 1924 νει-’20

281 1963 508 2038 leriuS,
546 1961 925 2026 Publicolae
984 1958 1207 2038 frater,
1255 1962 1681 2044 conspicatus
1733 1963 2024 2027 ferocem
2079 1963 2385 2027 iuvenem

283 2066 723 2151 Tarquinium
766 2073 1220 2129 ostentantem
1265 2086 1338 2129 se
1381 2067 1451 2129 in
1496 2067 1709 2149 prima
1754 2067 2055 2130 exsulum
2087 2067 2247 2143 acie,
2282 2069 2390 2131 do-

285 2172 570 2239 mestica
617 2170 816 2234 etiam
867 2170 1075 2253 gloria
1120 2191 1462 2246 accensuS‚
1500 2182 1591 2247 ut,
1630 2172 1816 2236 cuius
1857 2171 2149 2235 familiae
2180 2173 2385 2236 decus
2435 2196 2465 2228 2

286 2276 489 2343 eiecti
537 2295 733 2358 reges
779 2284 987 2351 erant,
1023 2274 1320 2338 eiusdem
1353 2275 1694 2339 interfecti
1724 2275 1968 2350 forent,
2006 2276 2231 2339 subdit
2265 2277 2389 2339 cal-

287 2382 467 2448 caria
513 2398 686 2464 equo
741 2387 808 2441 et
853 2378 1291 2461 Tarquinium
1338 2378 1588 2442 infesto
1636 2378 1890 2460 spiculo
1940 2379 2128 2460 petit.
2224 2380 2383 2442 Tar·
2435 2402 2464 2447 3

285 2485 557 2571 quinius
621 2492 798 2546 retro
859 2482 927 2545 in
988 2502 1229 2566 agmen
1285 2503 1555 2546 suorum
1611 2482 1877 2546 infenso
1930 2482 2134 2546 cessit
2191 2483 2383 2546 hosti.

285 2592 630 2658 Valerium
677 2598 932 2652 temere
977 2586 1315 2651 invectum
1363 2587 1433 2650 in
1480 2586 1781 2650 exsulum
1828 2586 2037 2650 aciem
2072 2607 2154 2650 ex
2184 2596 2392 2651 trans-

284 2717 482 2762 verso
528 2694 793 2779 quidam
841 2692 1114 2756 adortus
1159 2691 1495 2773 transfigit
1520 2712 1535 2768 ;
1582 2710 1706 2754 nec
1748 2690 2102 2773 quicquam
2149 2691 2391 2774 equitis

286 2800 563 2865 vulnere
594 2818 763 2882 equo
795 2796 1130 2860 retardato
1163 2795 1598 2859 moribundus
1634 2795 1980 2858 Romanus
2009 2793 2391 2858 labentibus

289 2926 493 2988 super
522 2923 762 2985 corpus
793 2901 995 2966 armis
1027 2901 1110 2964 ad
1142 2909 1385 2963 terram
1419 2898 1712 2962 defluxit.
1808 2897 2119 2961 Dictator
2165 2898 2391 2961 Postu·
2437 2923 2468 2966 4

288 3010 466 3074 mius
508 3017 862 3091 postquam
913 3004 1236 3070 cecidisse
1285 3003 1488 3066 talem
1521 3002 1751 3077 virum,
1790 3002 2052 3065 exsules
2082 2999 2396 3066 ferociter

291 3114 499 3179 citato
545 3111 812 3195 agmine
857 3108 1102 3185 invehi,
1140 3127 1298 3171 suos
1345 3105 1687 3189 perculsos
1721 3107 1957 3171 cedere
1989 3106 2396 3170 animadver-

288 3314 501 3363 became
525 3328 556 3361 a
581 3311 827 3361 Homeric
854 3308 1155 3374 battlepiece
1176 3307 1296 3356 with
1399 3306 1547 3354 much
1581 3321 1653 3364 as,
1686 3320 1751 3354 an
1786 3305 2069 3369 expression
2103 3304 2268 3354 which
2307 3304 2400 3353 has

292 3381 358 3430 its
381 3379 552 3429 heroic
576 3378 839 3426 incidents.
1399 3372 1485 3421 the
1508 3388 1645 3420 same
1670 3378 1772 3420 sort
1795 3372 1853 3420 of
1870 3372 2047 3433 origin.

361 3458 406 3509 7.
441 3453 515 3500 et,
544 3461 609 3493 no
641 3445 742 3492 less.
761 3441 1050 3499 —fefelliz
1085 3438 1293 3502 escaped
1464 3436 1561 3490 20.
1598 3438 1686 3495 ab,
1723 3453 1804 3495 on,
1851 3452 1905 3485 as
1947 3452 2004 3484 so
2049 3435 2204 3484 often.
2227 3462 2294 3471 —
2317 3437 2397 3485 M.

291 3511 371 3560 the
410 3511 570 3559 notice
600 3510 668 3576 os,
702 3509 807 3558 like
843 3508 930 3557 the
966 3505 1135 3556 Greek
1175 3516 1294 3557 λαν-
1396 3504 1685 3553 Valerius:
1726 3503 1792 3550 cf.
1834 3515 1912 3564 30.
1938 3513 1965 3566 5
1992 3517 2124 3549 n.-
2143 3501 2398 3550 Publico-

292 3577 435 3628 θάνω.
1395 3569 1512 3619 lae:
1564 3569 1641 3618 i.e.
1683 3567 1907 3626 Publius3
1961 3583 2046 3616 see
2073 3566 2117 3615 8.
2149 3579 2189 3614 1.
2212 3594 2279 3602 —-—
2302 3568 2399 3617 ἀοι

367 3656 441 3692 10.
488 3656 631 3705 quo:
711 3639 947 3705 properly
1003 3637 1295 3687 correlative
1398 3636 1665 3685 mestica:
1707 3635 1782 3682 i.e.
1808 3634 1866 3681 of
1882 3634 1961 3681 his
1984 3648 2096 3681 own
2122 3632 2303 3694 family.

291 3709 415 3758 with
452 3723 503 3756 eo
551 3708 652 3756 and
697 3707 909 3755 another
944 3703 1296 3768 comparative,
1468 3713 1511 3749 2.
1547 3700 1728 3758 eiecti,
1749 3699 2049 3749 interfecti:
2080 3699 2165 3747 the
2189 3698 2401 3748 familiar

292 3775 385 3824 but
408 3774 529 3823 here
553 3773 639 3821 the
662 3772 899 3821 omission
923 3770 982 3819 of
999 3770 1085 3819 the
1109 3769 1298 3818 second
1400 3767 1465 3815 ab
1523 3767 1644 3814 urbe
1700 3766 1899 3813 condita
1948 3765 2303 3814 construction.
2334 3789 2403 3802 —

291 3846 408 3907 part
429 3839 570 3903 gives
599 3838 638 3888 it
670 3838 757 3887 the
792 3836 1032 3899 meaning
1072 3835 1130 3884 of
1166 3836 1299 3883 inas·
1402 3840 1589 3882 erant:
1627 3847 1712 3880 see
1735 3831 1821 3880 Gr.
1847 3830 1958 3894 336.
1982 3831 2023 3880 b.
