2792 4316
290 325 486 375 cnm.
508 336 589 390 47,
612 324 724 392 48.]
1312 326 1497 377 L1vv.
2406 329 2504 381 243

291 510 690 553 evanescere
722 488 1014 553 vividum
1063 490 1398 573 quondam
1447 490 1607 554 illud
1660 490 1982 556 Caesonis
2031 491 2392 576 ingenium.

294 594 535 657 Nullae
566 594 806 657 deinde
849 595 1140 657 urbanae
1171 594 1502 659 factiones
1535 596 1745 659 fuere.
1836 597 2274 660 Vexabantur
2309 597 2402 660 in-

291 698 712 762 cursionibus
746 696 1138 782 Aequorum
1189 699 1431 763 Latini.
1530 700 1632 763 Eo
1665 720 1816 763 curn
1850 701 2144 764 exercitu
2184 701 2398 765 Caeso
2443 726 2478 771 4

289 804 539 866 missus
612 802 680 865 in
754 803 1045 885 ipsorum
1108 801 1499 886 Aequorum
1562 824 1796 886 agrum
1861 805 2400 887 depopulandum

288 907 549 970 transit.
646 905 870 989 Aequi
920 926 994 969 se
1048 905 1116 968 in
1167 907 1410 988 oppida
1463 918 1859 990 receperunt
1927 909 2265 992 murisque
2328 930 2402 974 se

289 1012 631 1074 tenebant.
729 1010 830 1072 Eo
865 1009 1047 1073 nulla
1088 1031 1314 1093 pugna
1344 1012 1794 1076 memorabilis
1826 1012 1973 1077 fuit.

383 1112 482 1176 At
529 1134 569 1177 a
597 1113 885 1177 Veiente
918 1115 1112 1177 hoste
1143 1114 1366 1178 clades
1399 1126 1675 1198 accepta
1707 1117 2088 1181 temeritate
2127 1117 2398 1181 alterius
2445 1140 2476 1189 5

294 1217 587 1281 consulis
640 1227 998 1301 actumque
1050 1220 1134 1282 de
1188 1219 1482 1283 exercitu
1526 1220 1718 1296 foret,
1759 1221 1828 1284 ni
1882 1222 2099 1285 Caeso
2152 1222 2401 1286 Fabius

285 1322 365 1385 ⁷-in
419 1331 721 1403 tempore
771 1322 1068 1385 subsidio
1123 1322 1438 1387 venisset.
1538 1324 1640 1388 Ex
1696 1345 1776 1388 eo
1832 1335 2133 1408 tempore
2184 1346 2402 1409 neque

291 1446 425 1510 pax
479 1445 697 1508 neque
750 1426 998 1489 bellum
1053 1446 1204 1489 cum
1250 1427 1654 1491 Veientibus
1709 1428 1875 1505 fuit;
1940 1449 2046 1493 res
2104 1430 2401 1512 proxime

292 1529 578 1594 formam
631 1529 959 1593 latrocinii
1008 1540 1321 1595 venerat:
1391 1531 1767 1613 legionibus
1834 1533 2159 1597 Romanis
2217 1536 2403 1598 cede·
2446 1540 2485 1590 6‘

295 1634 458 1697 bant
497 1633 565 1696 in
607 1634 881 1709 urbem;
925 1633 1039 1697 ubi
1085 1635 1406 1698 abductas
1456 1646 1806 1699 senserant
1852 1637 2169 1720 legioneS‚
2205 1659 2401 1721 agros

295 1738 746 1813 incursabant,
782 1737 1029 1801 bellum
1076 1738 1321 1821 quiete,
1357 1739 1653 1822 quietem
1699 1740 1874 1804 bello
1918 1741 1987 1803 in
2026 1742 2239 1805 vicem
2274 1743 2404 1806 elu-

293 1844 555 1905 dentes
651 1842 758 1905 Ita
803 1862 1017 1925 neque
1064 1843 1284 1906 omitti
1328 1851 1472 1906 tota
1519 1864 1623 1907 res
1672 1865 1795 1908 nec
1841 1846 2070 1927 perfici
2116 1855 2397 1927 poterat.

298 1947 390 2010 Et
422 1946 551 2010 alia
581 1945 756 2010 bella
786 1955 900 2010 aut
933 1947 1314 2029 praesentia
1346 1947 1706 2024 instabant,
1744 1958 1815 2012 ut
1847 1950 1931 2013 ab
1966 1949 2224 2033 Aequis
2249 1951 2403 2013 Vol-

295 2051 579 2135 scisque,
614 2072 749 2115 non
796 2051 1047 2114 diutius
1093 2071 1290 2134 quam
1340 2072 1576 2115 recens
1610 2052 1797 2116 dolor
1826 2052 2160 2135 proximae
2194 2054 2399 2118 cladis

294 2156 611 2221 transiret
660 2154 1198 2239 quiescentibus;
1245 2165 1358 2219 aut
1408 2178 1560 2226 mox
1604 2167 1903 2221 moturos
1941 2178 2090 2221 esse
2137 2179 2404 2241 appare-

296 2263 411 2326 bat
447 2262 731 2326 Sabinos
764 2281 1032 2343 semper
1063 2261 1347 2325 infestos
1383 2262 1850 2344 Etruriamque
1882 2282 2164 2325 omnem.
2264 2263 2395 2326 Sed
2445 2285 2477 2331 7

295 2366 549 2431 Veiens
597 2365 827 2441 hostis,
863 2367 1180 2430 adsiduus
1225 2367 1438 2449 magis
1472 2387 1665 2449 quam
1704 2366 1940 2448 gravis,
1981 2366 2401 2430 contumeliis

297 2471 560 2554 saepius
594 2492 790 2554 quam
824 2471 1117 2554 periculo
1155 2471 1412 2535 animos
1460 2471 1776 2554 agitabat,
1816 2472 1989 2553 quod
2024 2471 2206 2533 nullo
2240 2481 2404 2534 tem-

296 2596 458 2658 pore
482 2576 748 2658 neglegi
774 2584 1034 2657 poterat
1061 2585 1174 2639 aut
1202 2575 1413 2638 averti
1448 2575 1575 2638 alio
1610 2574 1887 2638 sinebat.
1988 2575 2162 2637 Tum
2192 2575 2399 2638 Fabia
2447 2588 2476 2631 8

294 2700 464 2763 gens
511 2689 818 2744 senatum
863 2679 1044 2743 adiit.
1141 2679 1394 2743 Consul
1442 2700 1560 2762 pro
1606 2687 1811 2762 gente
1852 2678 2181 2761 loquitur:
2230 2679 2403 2742 ‘Ad-

296 2913 459 2977 might
515 2912 742 2978 expect),
780 2913 991 2979 foreign
1041 2910 1295 2977 (opposed
1401 2913 1532 2962 iret:
1578 2926 1676 2959 one
1712 2908 1879 2957 would
1924 2913 2102 2971 expect
2137 2907 2278 2965 dum,
2312 2906 2404 2956 but

296 2987 350 3028 to
396 2978 673 3043 urbanae)
723 2996 825 3027 war
870 2979 1117 3043 occupied
1172 2979 1299 3027 their
1402 2979 1489 3026 the
1525 2977 1705 3041 phrase
1744 2990 1906 3023 seems
1940 2975 2062 3022 used
2096 2973 2198 3021 like
2224 2974 2402 3036 prius·

294 3046 970 3095 mind5.’—-vexabantur:
998 3046 1223 3108 opposed
1248 3052 1302 3093 to
1403 3059 1557 3106 quam
1594 3044 1695 3092 and
1729 3041 1874 3089 other
1908 3040 2060 3088 forms
2093 3039 2212 3087 with
2247 3055 2402 3102 quam

291 3111 497 3169 nullae,
522 3116 535 3138 ⁶
552 3112 669 3173 they
681 3127 812 3159 were
834 3110 1094 3168 troubled,’
1120 3117 1212 3158 etc.
1410 3109 1646 3170 (without
1671 3106 1773 3171 ut).
1842 3107 1955 3155 One
1990 3105 2138 3154 could
2173 3120 2272 3166 say,
2296 3111 2402 3152 tam

361 3191 410 3236 4.
447 3192 544 3225 eo:
575 3178 652 3225 τῖε.
670 3178 729 3224 in
749 3175 1296 3225 Latinos.—transit:
1403 3175 1499 3222 diu
1537 3175 1677 3222 dolor
1715 3174 1918 3230 transit,
1952 3187 2001 3218 so
2038 3171 2159 3233 long
2187 3185 2257 3227 as,
2285 3177 2402 3228 etc„

297 3242 375 3290 i.e.
402 3257 568 3290 across
591 3243 677 3290 the
700 3243 919 3290 borders.
1405 3241 1466 3288 in
1511 3241 1737 3303 passing,
1785 3240 1886 3287 and
1943 3236 2402 3300 correspondingly,

365 3319 408 3371 5.
448 3308 718 3357 Veiente:
782 3309 857 3356 i.e.
913 3307 1003 3356 but
1046 3307 1167 3355 with
1214 3307 1300 3356 the
1347 3303 1373 3324 ‘
1402 3306 1601 3354 diutius
1638 3321 1792 3369 quam
1834 3304 1971 3351 dolor
2009 3302 2232 3357 transit,·
2274 3302 2403 3350 stom

293 3373 478 3437 people
514 3374 572 3421 of
605 3373 717 3420 Veii
759 3374 877 3435 they
912 3373 999 3422 did
1033 3379 1121 3421 not
1157 3389 1300 3422 come
1402 3372 1511 3420 that
1543 3372 1709 3420 would
1751 3386 1894 3418 come
1941 3370 2027 3417 the
2074 3367 2401 3429 subjunctive,

294 3439 369 3487 off
406 3455 463 3487 so
510 3439 677 3500 easily,
715 3440 814 3487 and
861 3439 912 3487 in
954 3437 1069 3497 fact,
1108 3445 1203 3487 etc.
1234 3463 1301 3474 —-
1403 3438 1467 3499 by
1490 3453 1520 3485 a
1553 3438 1676 3485 kind
1714 3436 1773 3484 of
1805 3436 2017 3483 indirect
2052 3434 2402 3482 discourse.—

290 3505 563 3554 formam:
602 3520 688 3553 see
711 3505 795 3553 Gr.
822 3504 933 3553 261.
956 3520 1005 3553 a.
1403 3504 1853 3566 quiescentibus:
1891 3500 2187 3561 continuing
2200 3505 2402 3562 present

360 3571 406 3619 6.
442 3572 737 3628 cedebant,
760 3571 869 3632 they
890 3569 1088 3618 retired
1116 3570 1288 3635 before.
1400 3569 1479 3617 for
1503 3569 1679 3617 future.

290 3663 357 3672 —
376 3636 688 3693 eludenteS,
712 3636 942 3699 evading,
966 3636 1086 3684 with
1122 3651 1151 3684 a
1175 3635 1289 3684 feel·
1462 3648 1504 3698 7.
1547 3633 1786 3696 neglegi,
1823 3631 2028 3681 averti:
2080 3629 2400 3694 impersonal.

292 3701 380 3762 ing
415 3701 474 3750 of
502 3703 587 3750 the
619 3702 830 3764 original
854 3701 1106 3763 meaning,
1130 3702 1289 3764 dodge,
1390 3728 1457 3736 —
1481 3701 1620 3748 alio:
1683 3701 1759 3747 i.e.
1808 3699 1883 3745 ad
1923 3698 2085 3745 aliam
2142 3713 2249 3744 rem
2265 3713 2287 3751 ,·
2336 3695 2398 3744 cf.

293 3784 352 3816 or
385 3775 818 3831 parry.—-tota:
869 3767 989 3815 with
1029 3767 1116 3815 the
1156 3766 1291 3815 force
1391 3781 1500 3814 vos
1536 3766 1645 3814 alia
1678 3763 1825 3813 bella
1859 3771 2064 3820 curate,
2089 3762 2135 3811 8.

291 3833 428 3882 osan
446 3833 632 3882 adverb
641 3851 656 3892 ;
698 3849 783 3882 see
801 3833 885 3881 Gr.
912 3840 1292 3894 191.—trans-
1461 3831 1508 3880 8.
1545 3830 1774 3882 consul:
1825 3830 2000 3878 Caeso.
2033 3855 2098 3865 —
2132 3832 2398 3878 auctores
