<?xml version="1.0" encoding="UTF-8"?>
<!DOCTYPE html PUBLIC "-//W3C//DTD XHTML 1.0 Transitional//EN"
    "http://www.w3.org/TR/xhtml1/DTD/xhtml1-transitional.dtd">
<html xmlns="http://www.w3.org/1999/xhtml" xml:lang="en" lang="en">
 <head>
  <title>
</title>
<meta http-equiv="Content-Type" content="text/html;charset=utf-8" />
  <meta name='ocr-system' content='tesseract 3.04.00' />
  <meta name='ocr-capabilities' content='ocr_page ocr_carea ocr_par ocr_line ocrx_word'/>
</head>
<body>
  <div class='ocr_page' id='page_1' title='image "./livybook00livygoog_0284.png"; bbox 0 0 2792 4316; ppageno 0'>
   <div class='ocr_carea' id='block_1_1' title="bbox 321 275 2537 343">
    <p class='ocr_par' dir='ltr' id='par_1_1' title="bbox 321 275 2537 343">
     <span class='ocr_line' id='line_1_1' title="bbox 321 275 2537 343; baseline 0 -14"><span class='ocrx_word' id='word_1_1' title='bbox 321 276 421 329; x_wconf 82' lang='lat'><strong>262</strong></span> <span class='ocrx_word' id='word_1_2' title='bbox 1343 275 1528 328; x_wconf 75' lang='lat' dir='ltr'><strong>lev.</strong></span> <span class='ocrx_word' id='word_1_3' title='bbox 2253 276 2439 343; x_wconf 65' lang='lat' dir='ltr'><strong>[Boon</strong></span> <span class='ocrx_word' id='word_1_4' title='bbox 2462 278 2537 330; x_wconf 89' lang='lat'><strong>11.</strong></span> 
     </span>
    </p>
   </div>
   <div class='ocr_carea' id='block_1_2' title="bbox 343 439 2628 2810">
    <p class='ocr_par' dir='ltr' id='par_1_2' title="bbox 343 439 2628 2810">
     <span class='ocr_line' id='line_1_2' title="bbox 428 439 2537 517; baseline 0.001 -15"><span class='ocrx_word' id='word_1_5' title='bbox 428 453 598 503; x_wconf 85' lang='lat' dir='ltr'><strong>anus</strong></span> <span class='ocrx_word' id='word_1_6' title='bbox 651 439 1005 517; x_wconf 84' lang='lat' dir='ltr'><strong>exercitus,</strong></span> <span class='ocrx_word' id='word_1_7' title='bbox 1050 441 1169 505; x_wconf 92' lang='lat' dir='ltr'><strong>sed</strong></span> <span class='ocrx_word' id='word_1_8' title='bbox 1222 439 1403 505; x_wconf 90' lang='lat' dir='ltr'><strong>vinci</strong></span> <span class='ocrx_word' id='word_1_9' title='bbox 1453 440 1682 507; x_wconf 88' lang='lat' dir='ltr'><strong>voluit.</strong></span> <span class='ocrx_word' id='word_1_10' title='bbox 1780 441 2152 506; x_wconf 88' lang='lat' dir='ltr'><strong>Productus</strong></span> <span class='ocrx_word' id='word_1_11' title='bbox 2202 441 2272 504; x_wconf 92' lang='lat' dir='ltr'><strong>in</strong></span> <span class='ocrx_word' id='word_1_12' title='bbox 2321 441 2537 505; x_wconf 84' lang='lat' dir='ltr'><strong>aciem</strong></span> 
     </span>
     <span class='ocr_line' id='line_1_3' title="bbox 430 542 2541 629; baseline 0.001 -22"><span class='ocrx_word' id='word_1_13' title='bbox 430 542 611 626; x_wconf 88' lang='lat' dir='ltr'>turpi</span> <span class='ocrx_word' id='word_1_14' title='bbox 663 543 830 628; x_wconf 84' lang='lat' dir='ltr'><strong>fuga</strong></span> <span class='ocrx_word' id='word_1_15' title='bbox 879 545 1051 627; x_wconf 90' lang='lat' dir='ltr'><strong>petit</strong></span> <span class='ocrx_word' id='word_1_16' title='bbox 1104 543 1342 625; x_wconf 83' lang='lat' dir='ltr'><strong>c&#39;astra,</strong></span> <span class='ocrx_word' id='word_1_17' title='bbox 1393 565 1521 610; x_wconf 88' lang='lat' dir='ltr'><strong>nec</strong></span> <span class='ocrx_word' id='word_1_18' title='bbox 1575 554 1735 610; x_wconf 91' lang='lat' dir='ltr'><strong>ante</strong></span> <span class='ocrx_word' id='word_1_19' title='bbox 1786 545 2039 609; x_wconf 84' lang='lat' dir='ltr'><strong>restitit</strong></span> <span class='ocrx_word' id='word_1_20' title='bbox 2087 564 2287 629; x_wconf 87' lang='lat' dir='ltr'><strong>quarn</strong></span> <span class='ocrx_word' id='word_1_21' title='bbox 2341 545 2541 628; x_wconf 91' lang='lat' dir='ltr'><strong>signa</strong></span> 
     </span>
     <span class='ocr_line' id='line_1_4' title="bbox 429 647 2628 733; baseline 0 -22"><span class='ocrx_word' id='word_1_22' title='bbox 429 647 835 713; x_wconf 88' lang='lat' dir='ltr'><strong>inferentem</strong></span> <span class='ocrx_word' id='word_1_23' title='bbox 893 647 1217 715; x_wconf 90' lang='lat' dir='ltr'><strong>Volscum</strong></span> <span class='ocrx_word' id='word_1_24' title='bbox 1269 648 1704 713; x_wconf 88' lang='lat' dir='ltr'><strong>munimentis</strong></span> <span class='ocrx_word' id='word_1_25' title='bbox 1753 648 1920 713; x_wconf 91' lang='lat' dir='ltr'><strong>vidit</strong></span> <span class='ocrx_word' id='word_1_26' title='bbox 1980 648 2380 733; x_wconf 84' lang='lat' dir='ltr'><strong>foedamque</strong></span> <span class='ocrx_word' id='word_1_27' title='bbox 2432 669 2540 713; x_wconf 87' lang='lat' dir='ltr'><strong>ex·</strong></span> <span class='ocrx_word' id='word_1_28' title='bbox 2623 716 2628 720; x_wconf 65' lang='grc'>,</span> 
     </span>
     <span class='ocr_line' id='line_1_5' title="bbox 354 751 2540 835; baseline -0 -19"><span class='ocrx_word' id='word_1_29' title='bbox 354 777 386 825; x_wconf 77' lang='lat'>3</span> <span class='ocrx_word' id='word_1_30' title='bbox 428 751 629 817; x_wconf 86' lang='lat' dir='ltr'><strong>tremi</strong></span> <span class='ocrx_word' id='word_1_31' title='bbox 673 751 962 835; x_wconf 88' lang='lat' dir='ltr'><strong>agminis</strong></span> <span class='ocrx_word' id='word_1_32' title='bbox 1010 754 1302 818; x_wconf 92' lang='lat' dir='ltr'><strong>caedem.</strong></span> <span class='ocrx_word' id='word_1_33' title='bbox 1396 754 1571 817; x_wconf 92' lang='lat' dir='ltr'><strong>Tum</strong></span> <span class='ocrx_word' id='word_1_34' title='bbox 1609 772 1926 835; x_wconf 88' lang='lat' dir='ltr'><strong>expressa</strong></span> <span class='ocrx_word' id='word_1_35' title='bbox 1961 752 2062 816; x_wconf 89' lang='lat' dir='ltr'><strong>vis</strong></span> <span class='ocrx_word' id='word_1_36' title='bbox 2108 754 2192 815; x_wconf 94' lang='lat' dir='ltr'><strong>ad</strong></span> <span class='ocrx_word' id='word_1_37' title='bbox 2237 772 2540 835; x_wconf 83' lang='lat' dir='ltr'><strong>pugnan-</strong></span> 
     </span>
     <span class='ocr_line' id='line_1_6' title="bbox 429 856 2538 933; baseline 0 -13"><span class='ocrx_word' id='word_1_38' title='bbox 429 856 610 933; x_wconf 90' lang='lat' dir='ltr'><strong>dum,</strong></span> <span class='ocrx_word' id='word_1_39' title='bbox 644 867 718 921; x_wconf 92' lang='lat' dir='ltr'><strong>ut</strong></span> <span class='ocrx_word' id='word_1_40' title='bbox 769 857 985 921; x_wconf 91' lang='lat' dir='ltr'><strong>victor</strong></span> <span class='ocrx_word' id='word_1_41' title='bbox 1032 856 1163 921; x_wconf 91' lang='lat' dir='ltr'><strong>iam</strong></span> <span class='ocrx_word' id='word_1_42' title='bbox 1217 877 1258 921; x_wconf 91' lang='lat' dir='ltr'><strong>a</strong></span> <span class='ocrx_word' id='word_1_43' title='bbox 1308 857 1484 921; x_wconf 81' lang='lat' dir='ltr'><strong>vallo</strong></span> <span class='ocrx_word' id='word_1_44' title='bbox 1531 857 2041 921; x_wconf 89' lang='lat' dir='ltr'><strong>submoveretur</strong></span> <span class='ocrx_word' id='word_1_45' title='bbox 2083 856 2317 932; x_wconf 79' lang='lat' dir='ltr'><strong>hostiS,</strong></span> <span class='ocrx_word' id='word_1_46' title='bbox 2368 857 2538 921; x_wconf 90' lang='lat' dir='ltr'><strong>satis</strong></span> 
     </span>
     <span class='ocr_line' id='line_1_7' title="bbox 433 960 2535 1043; baseline -0 -19"><span class='ocrx_word' id='word_1_47' title='bbox 433 969 661 1025; x_wconf 89' lang='lat' dir='ltr'><strong>tamen</strong></span> <span class='ocrx_word' id='word_1_48' title='bbox 707 970 1057 1043; x_wconf 86' lang='lat' dir='ltr'><strong>appareret</strong></span> <span class='ocrx_word' id='word_1_49' title='bbox 1104 960 1251 1043; x_wconf 92' lang='lat' dir='ltr'><strong>capi</strong></span> <span class='ocrx_word' id='word_1_50' title='bbox 1285 970 1550 1025; x_wconf 84' lang='lat' dir='ltr'><strong>tantum</strong></span> <span class='ocrx_word' id='word_1_51' title='bbox 1584 970 1804 1025; x_wconf 90' lang='lat' dir='ltr'><strong>castra</strong></span> <span class='ocrx_word' id='word_1_52' title='bbox 1833 960 2113 1024; x_wconf 90' lang='lat' dir='ltr'><strong>militem</strong></span> <span class='ocrx_word' id='word_1_53' title='bbox 2151 961 2535 1023; x_wconf 91' lang='lat' dir='ltr'><strong>Romanum</strong></span> 
     </span>
     <span class='ocr_line' id='line_1_8' title="bbox 356 1063 2541 1148; baseline -0.001 -21"><span class='ocrx_word' id='word_1_54' title='bbox 356 1090 391 1136; x_wconf 78' lang='lat'>4</span> <span class='ocrx_word' id='word_1_55' title='bbox 432 1064 747 1141; x_wconf 90' lang='lat' dir='ltr'><strong>noluisse,</strong></span> <span class='ocrx_word' id='word_1_56' title='bbox 781 1064 940 1128; x_wconf 91' lang='lat' dir='ltr'><strong>alibi</strong></span> <span class='ocrx_word' id='word_1_57' title='bbox 971 1065 1262 1148; x_wconf 90' lang='lat' dir='ltr'><strong>gaudere</strong></span> <span class='ocrx_word' id='word_1_58' title='bbox 1294 1084 1416 1128; x_wconf 90' lang='lat' dir='ltr'><strong>sua</strong></span> <span class='ocrx_word' id='word_1_59' title='bbox 1446 1064 1633 1129; x_wconf 90' lang='lat' dir='ltr'><strong>clade</strong></span> <span class='ocrx_word' id='word_1_60' title='bbox 1665 1074 1865 1147; x_wconf 89' lang='lat' dir='ltr'><strong>atque</strong></span> <span class='ocrx_word' id='word_1_61' title='bbox 1898 1063 2281 1147; x_wconf 87' lang='lat' dir='ltr'><strong>ignominia.</strong></span> <span class='ocrx_word' id='word_1_62' title='bbox 2377 1063 2541 1146; x_wconf 79' lang='lat' dir='ltr'><strong>Qui·</strong></span> 
     </span>
     <span class='ocr_line' id='line_1_9' title="bbox 434 1166 2542 1251; baseline -0.001 -19"><span class='ocrx_word' id='word_1_63' title='bbox 434 1168 561 1232; x_wconf 91' lang='lat' dir='ltr'><strong>bus</strong></span> <span class='ocrx_word' id='word_1_64' title='bbox 592 1167 760 1231; x_wconf 91' lang='lat' dir='ltr'><strong>nihil</strong></span> <span class='ocrx_word' id='word_1_65' title='bbox 793 1167 1120 1232; x_wconf 83' lang='lat' dir='ltr'><strong>infractus</strong></span> <span class='ocrx_word' id='word_1_66' title='bbox 1150 1166 1341 1233; x_wconf 81' lang='lat' dir='ltr'><strong>ferox</strong></span> <span class='ocrx_word' id='word_1_67' title='bbox 1371 1168 1583 1251; x_wconf 91' lang='lat' dir='ltr'><strong>Appii</strong></span> <span class='ocrx_word' id='word_1_68' title='bbox 1613 1168 1878 1232; x_wconf 88' lang='lat' dir='ltr'><strong>animus</strong></span> <span class='ocrx_word' id='word_1_69' title='bbox 1909 1187 2061 1232; x_wconf 91' lang='lat' dir='ltr'><strong>cum</strong></span> <span class='ocrx_word' id='word_1_70' title='bbox 2094 1167 2371 1250; x_wconf 88' lang='lat' dir='ltr'><strong>insuper</strong></span> <span class='ocrx_word' id='word_1_71' title='bbox 2399 1186 2542 1230; x_wconf 90' lang='lat' dir='ltr'><strong>sae-</strong></span> 
     </span>
     <span class='ocr_line' id='line_1_10' title="bbox 431 1272 2538 1356; baseline -0.001 -21"><span class='ocrx_word' id='word_1_72' title='bbox 431 1272 571 1335; x_wconf 82' lang='lat' dir='ltr'><strong>vire</strong></span> <span class='ocrx_word' id='word_1_73' title='bbox 616 1272 819 1337; x_wconf 86' lang='lat' dir='ltr'><strong>vellet</strong></span> <span class='ocrx_word' id='word_1_74' title='bbox 865 1272 1384 1356; x_wconf 89' lang='lat' dir='ltr'><strong>contionemque</strong></span> <span class='ocrx_word' id='word_1_75' title='bbox 1418 1273 1793 1347; x_wconf 86' lang='lat' dir='ltr'><strong>advocaret,</strong></span> <span class='ocrx_word' id='word_1_76' title='bbox 1829 1281 2233 1336; x_wconf 90' lang='lat' dir='ltr'><strong>concurrunt</strong></span> <span class='ocrx_word' id='word_1_77' title='bbox 2264 1272 2348 1334; x_wconf 90' lang='lat' dir='ltr'><strong>ad</strong></span> <span class='ocrx_word' id='word_1_78' title='bbox 2380 1291 2538 1335; x_wconf 90' lang='lat' dir='ltr'><strong>eum</strong></span> 
     </span>
     <span class='ocr_line' id='line_1_11' title="bbox 432 1375 2541 1460; baseline -0.001 -21"><span class='ocrx_word' id='word_1_79' title='bbox 432 1375 639 1457; x_wconf 90' lang='lat' dir='ltr'><strong>legati</strong></span> <span class='ocrx_word' id='word_1_80' title='bbox 674 1375 1058 1460; x_wconf 91' lang='lat' dir='ltr'><strong>tribunique</strong></span> <span class='ocrx_word' id='word_1_81' title='bbox 1087 1385 1460 1452; x_wconf 79' lang='lat' dir='ltr'><strong>monenteS,</strong></span> <span class='ocrx_word' id='word_1_82' title='bbox 1487 1396 1573 1440; x_wconf 90' lang='lat' dir='ltr'><strong>ne</strong></span> <span class='ocrx_word' id='word_1_83' title='bbox 1606 1376 1838 1460; x_wconf 92' lang='lat' dir='ltr'><strong>utique</strong></span> <span class='ocrx_word' id='word_1_84' title='bbox 1869 1375 2156 1458; x_wconf 88' lang='lat' dir='ltr'><strong>experiri</strong></span> <span class='ocrx_word' id='word_1_85' title='bbox 2185 1375 2388 1439; x_wconf 89' lang='lat' dir='ltr'><strong>vellet</strong></span> <span class='ocrx_word' id='word_1_86' title='bbox 2422 1376 2541 1438; x_wconf 93' lang='lat' dir='ltr'><strong>im-</strong></span> 
     </span>
     <span class='ocr_line' id='line_1_12' title="bbox 433 1479 2533 1562; baseline 0 -19"><span class='ocrx_word' id='word_1_87' title='bbox 433 1479 710 1562; x_wconf 89' lang='lat' dir='ltr'><strong>perium,</strong></span> <span class='ocrx_word' id='word_1_88' title='bbox 737 1479 925 1544; x_wconf 91' lang='lat' dir='ltr'><strong>cuius</strong></span> <span class='ocrx_word' id='word_1_89' title='bbox 955 1480 1058 1543; x_wconf 91' lang='lat' dir='ltr'><strong>vis</strong></span> <span class='ocrx_word' id='word_1_90' title='bbox 1089 1479 1307 1544; x_wconf 91' lang='lat' dir='ltr'><strong>omnis</strong></span> <span class='ocrx_word' id='word_1_91' title='bbox 1337 1480 1408 1543; x_wconf 89' lang='lat' dir='ltr'><strong>in</strong></span> <span class='ocrx_word' id='word_1_92' title='bbox 1433 1500 1768 1544; x_wconf 90' lang='lat' dir='ltr'><strong>consensu</strong></span> <span class='ocrx_word' id='word_1_93' title='bbox 1798 1479 2298 1544; x_wconf 89' lang='lat' dir='ltr'><strong>oboedientium</strong></span> <span class='ocrx_word' id='word_1_94' title='bbox 2330 1488 2533 1543; x_wconf 92' lang='lat' dir='ltr'><strong>esset.</strong></span> 
     </span>
     <span class='ocr_line' id='line_1_13' title="bbox 360 1582 2540 1666; baseline 0 -20"><span class='ocrx_word' id='word_1_95' title='bbox 360 1605 391 1656; x_wconf 82' lang='lat' dir='ltr'><strong>s</strong></span> <span class='ocrx_word' id='word_1_96' title='bbox 438 1584 706 1666; x_wconf 86' lang='lat' dir='ltr'><strong>Negare</strong></span> <span class='ocrx_word' id='word_1_97' title='bbox 735 1583 938 1665; x_wconf 86' lang='lat' dir='ltr'><strong>vulgo</strong></span> <span class='ocrx_word' id='word_1_98' title='bbox 968 1584 1215 1648; x_wconf 89' lang='lat' dir='ltr'><strong>milites</strong></span> <span class='ocrx_word' id='word_1_99' title='bbox 1247 1603 1322 1647; x_wconf 91' lang='lat' dir='ltr'><strong>se</strong></span> <span class='ocrx_word' id='word_1_100' title='bbox 1351 1584 1437 1647; x_wconf 91' lang='lat' dir='ltr'><strong>ad</strong></span> <span class='ocrx_word' id='word_1_101' title='bbox 1469 1584 1854 1648; x_wconf 91' lang='lat' dir='ltr'><strong>contionem</strong></span> <span class='ocrx_word' id='word_1_102' title='bbox 1888 1583 2117 1659; x_wconf 79' lang='lat' dir='ltr'><strong>iturOS,</strong></span> <span class='ocrx_word' id='word_1_103' title='bbox 2151 1582 2540 1665; x_wconf 87' lang='lat' dir='ltr'><strong>passimque</strong></span> 
     </span>
     <span class='ocr_line' id='line_1_14' title="bbox 435 1686 2540 1769; baseline -0 -19"><span class='ocrx_word' id='word_1_104' title='bbox 435 1686 731 1750; x_wconf 85' lang='lat' dir='ltr'><strong>exaudiri</strong></span> <span class='ocrx_word' id='word_1_105' title='bbox 778 1706 980 1752; x_wconf 88' lang='lat' dir='ltr'><strong>voces</strong></span> <span class='ocrx_word' id='word_1_106' title='bbox 1029 1687 1514 1769; x_wconf 91' lang='lat' dir='ltr'><strong>postulantium</strong></span> <span class='ocrx_word' id='word_1_107' title='bbox 1562 1697 1638 1751; x_wconf 95' lang='lat' dir='ltr'><strong>ut</strong></span> <span class='ocrx_word' id='word_1_108' title='bbox 1686 1697 1906 1751; x_wconf 91' lang='lat' dir='ltr'><strong>castra</strong></span> <span class='ocrx_word' id='word_1_109' title='bbox 1953 1707 2036 1751; x_wconf 84' lang='lat' dir='ltr'><strong>ex</strong></span> <span class='ocrx_word' id='word_1_110' title='bbox 2079 1687 2330 1751; x_wconf 92' lang='lat' dir='ltr'><strong>Volsco</strong></span> <span class='ocrx_word' id='word_1_111' title='bbox 2374 1706 2540 1769; x_wconf 90' lang='lat' dir='ltr'><strong>agro</strong></span> 
     </span>
     <span class='ocr_line' id='line_1_15' title="bbox 436 1790 2542 1874; baseline -0.001 -20"><span class='ocrx_word' id='word_1_112' title='bbox 436 1799 844 1855; x_wconf 89' lang='lat' dir='ltr'><strong>moveantur.</strong></span> <span class='ocrx_word' id='word_1_113' title='bbox 939 1792 1230 1855; x_wconf 89' lang='lat' dir='ltr'><strong>Hostem</strong></span> <span class='ocrx_word' id='word_1_114' title='bbox 1263 1791 1590 1856; x_wconf 90' lang='lat' dir='ltr'><strong>victorem</strong></span> <span class='ocrx_word' id='word_1_115' title='bbox 1624 1791 1822 1874; x_wconf 90' lang='lat' dir='ltr'><strong>paulo</strong></span> <span class='ocrx_word' id='word_1_116' title='bbox 1861 1800 2020 1855; x_wconf 89' lang='lat' dir='ltr'><strong>ante</strong></span> <span class='ocrx_word' id='word_1_117' title='bbox 2054 1810 2263 1873; x_wconf 89' lang='lat' dir='ltr'><strong>prope</strong></span> <span class='ocrx_word' id='word_1_118' title='bbox 2292 1790 2363 1854; x_wconf 92' lang='lat' dir='ltr'><strong>in</strong></span> <span class='ocrx_word' id='word_1_119' title='bbox 2393 1810 2542 1873; x_wconf 89' lang='lat' dir='ltr'><strong>por-</strong></span> 
     </span>
     <span class='ocr_line' id='line_1_16' title="bbox 434 1893 2539 1979; baseline -0 -21"><span class='ocrx_word' id='word_1_120' title='bbox 434 1894 524 1958; x_wconf 89' lang='lat' dir='ltr'><strong>tis</strong></span> <span class='ocrx_word' id='word_1_121' title='bbox 576 1914 654 1958; x_wconf 91' lang='lat' dir='ltr'><strong>ac</strong></span> <span class='ocrx_word' id='word_1_122' title='bbox 705 1894 880 1959; x_wconf 88' lang='lat' dir='ltr'><strong>vallo</strong></span> <span class='ocrx_word' id='word_1_123' title='bbox 928 1894 1157 1971; x_wconf 84' lang='lat' dir='ltr'><strong>fuisse,</strong></span> <span class='ocrx_word' id='word_1_124' title='bbox 1204 1893 1635 1979; x_wconf 89' lang='lat' dir='ltr'><strong>ingentisque</strong></span> <span class='ocrx_word' id='word_1_125' title='bbox 1686 1894 1844 1959; x_wconf 89' lang='lat' dir='ltr'><strong>mali</strong></span> <span class='ocrx_word' id='word_1_126' title='bbox 1895 1914 2031 1958; x_wconf 91' lang='lat' dir='ltr'><strong>non</strong></span> <span class='ocrx_word' id='word_1_127' title='bbox 2086 1894 2539 1976; x_wconf 89' lang='lat' dir='ltr'><strong>suspicionem</strong></span> 
     </span>
     <span class='ocr_line' id='line_1_17' title="bbox 361 1998 2541 2082; baseline 0 -23"><span class='ocrx_word' id='word_1_128' title='bbox 361 2010 394 2057; x_wconf 86' lang='lat'><strong>6</strong></span> <span class='ocrx_word' id='word_1_129' title='bbox 436 1999 633 2062; x_wconf 88' lang='lat' dir='ltr'><strong>modo</strong></span> <span class='ocrx_word' id='word_1_130' title='bbox 665 1999 783 2062; x_wconf 92' lang='lat' dir='ltr'><strong>sed</strong></span> <span class='ocrx_word' id='word_1_131' title='bbox 815 2007 1113 2081; x_wconf 86' lang='lat' dir='ltr'><strong>apertam</strong></span> <span class='ocrx_word' id='word_1_132' title='bbox 1146 1999 1438 2082; x_wconf 90' lang='lat' dir='ltr'><strong>speciem</strong></span> <span class='ocrx_word' id='word_1_133' title='bbox 1470 1998 1808 2064; x_wconf 88' lang='lat' dir='ltr'><strong>obversari</strong></span> <span class='ocrx_word' id='word_1_134' title='bbox 1843 2008 2003 2063; x_wconf 89' lang='lat' dir='ltr'><strong>ante</strong></span> <span class='ocrx_word' id='word_1_135' title='bbox 2043 1998 2287 2063; x_wconf 91' lang='lat' dir='ltr'><strong>oculos.</strong></span> <span class='ocrx_word' id='word_1_136' title='bbox 2383 1998 2541 2061; x_wconf 91' lang='lat' dir='ltr'><strong>Vic-</strong></span> 
     </span>
     <span class='ocr_line' id='line_1_18' title="bbox 343 2103 2539 2188; baseline 0 -22"><span class='ocrx_word' id='word_1_137' title='bbox 343 2145 350 2152; x_wconf 88' lang='lat'>-</span> <span class='ocrx_word' id='word_1_138' title='bbox 436 2111 547 2167; x_wconf 89' lang='lat' dir='ltr'><strong>tus</strong></span> <span class='ocrx_word' id='word_1_139' title='bbox 591 2103 883 2180; x_wconf 90' lang='lat' dir='ltr'><strong>tandem,</strong></span> <span class='ocrx_word' id='word_1_140' title='bbox 919 2103 1183 2187; x_wconf 89' lang='lat' dir='ltr'><strong>quando</strong></span> <span class='ocrx_word' id='word_1_141' title='bbox 1224 2103 1492 2188; x_wconf 88' lang='lat' dir='ltr'><strong>quidem</strong></span> <span class='ocrx_word' id='word_1_142' title='bbox 1530 2103 1698 2169; x_wconf 90' lang='lat' dir='ltr'><strong>nihil</strong></span> <span class='ocrx_word' id='word_1_143' title='bbox 1729 2111 1996 2188; x_wconf 89' lang='lat' dir='ltr'><strong>praeter</strong></span> <span class='ocrx_word' id='word_1_144' title='bbox 2023 2112 2292 2186; x_wconf 89' lang='lat' dir='ltr'><strong>tempus</strong></span> <span class='ocrx_word' id='word_1_145' title='bbox 2324 2121 2539 2167; x_wconf 82' lang='lat' dir='ltr'><strong>noxae</strong></span> 
     </span>
     <span class='ocr_line' id='line_1_19' title="bbox 437 2207 2536 2291; baseline -0 -20"><span class='ocrx_word' id='word_1_146' title='bbox 437 2207 869 2283; x_wconf 90' lang='lat' dir='ltr'><strong>lucrarentur,</strong></span> <span class='ocrx_word' id='word_1_147' title='bbox 905 2207 1184 2272; x_wconf 89' lang='lat' dir='ltr'><strong>remissa</strong></span> <span class='ocrx_word' id='word_1_148' title='bbox 1229 2209 1544 2272; x_wconf 91' lang='lat' dir='ltr'><strong>contione</strong></span> <span class='ocrx_word' id='word_1_149' title='bbox 1589 2209 1720 2272; x_wconf 90' lang='lat' dir='ltr'><strong>iter</strong></span> <span class='ocrx_word' id='word_1_150' title='bbox 1758 2208 1829 2272; x_wconf 91' lang='lat' dir='ltr'><strong>in</strong></span> <span class='ocrx_word' id='word_1_151' title='bbox 1859 2207 2325 2291; x_wconf 90' lang='lat' dir='ltr'><strong>insequentem</strong></span> <span class='ocrx_word' id='word_1_152' title='bbox 2357 2207 2536 2271; x_wconf 92' lang='lat' dir='ltr'><strong>diem</strong></span> 
     </span>
     <span class='ocr_line' id='line_1_20' title="bbox 435 2310 2536 2395; baseline -0 -20"><span class='ocrx_word' id='word_1_153' title='bbox 435 2311 849 2394; x_wconf 88' lang='lat' dir='ltr'><strong>pronuntiari</strong></span> <span class='ocrx_word' id='word_1_154' title='bbox 897 2331 1050 2375; x_wconf 92' lang='lat' dir='ltr'><strong>cum</strong></span> <span class='ocrx_word' id='word_1_155' title='bbox 1099 2311 1428 2389; x_wconf 89' lang='lat' dir='ltr'><strong>iussisset,</strong></span> <span class='ocrx_word' id='word_1_156' title='bbox 1478 2312 1690 2395; x_wconf 89' lang='lat' dir='ltr'><strong>prima</strong></span> <span class='ocrx_word' id='word_1_157' title='bbox 1737 2311 1889 2376; x_wconf 91' lang='lat' dir='ltr'><strong>luce</strong></span> <span class='ocrx_word' id='word_1_158' title='bbox 1938 2311 2215 2376; x_wconf 90' lang='lat' dir='ltr'><strong>classico</strong></span> <span class='ocrx_word' id='word_1_159' title='bbox 2268 2310 2536 2394; x_wconf 89' lang='lat' dir='ltr'><strong>signum</strong></span> 
     </span>
     <span class='ocr_line' id='line_1_21' title="bbox 362 2414 2540 2498; baseline -0.001 -19"><span class='ocrx_word' id='word_1_160' title='bbox 362 2441 395 2486; x_wconf 78' lang='lat'><strong>7</strong></span> <span class='ocrx_word' id='word_1_161' title='bbox 438 2414 874 2498; x_wconf 84' lang='lat' dir='ltr'><strong>profectionis</strong></span> <span class='ocrx_word' id='word_1_162' title='bbox 924 2414 1126 2480; x_wconf 89' lang='lat' dir='ltr'><strong>dedit.</strong></span> <span class='ocrx_word' id='word_1_163' title='bbox 1224 2415 1396 2480; x_wconf 87' lang='lat' dir='ltr'><strong>Cum</strong></span> <span class='ocrx_word' id='word_1_164' title='bbox 1447 2416 1736 2480; x_wconf 73' lang='lat' dir='ltr'><strong>maxime</strong></span> <span class='ocrx_word' id='word_1_165' title='bbox 1783 2434 2025 2498; x_wconf 89' lang='lat' dir='ltr'><strong>agmen</strong></span> <span class='ocrx_word' id='word_1_166' title='bbox 2073 2434 2112 2478; x_wconf 91' lang='lat' dir='ltr'><strong>e</strong></span> <span class='ocrx_word' id='word_1_167' title='bbox 2157 2415 2396 2479; x_wconf 90' lang='lat' dir='ltr'><strong>castris</strong></span> <span class='ocrx_word' id='word_1_168' title='bbox 2434 2434 2540 2478; x_wconf 89' lang='lat' dir='ltr'><strong>ex-</strong></span> 
     </span>
     <span class='ocr_line' id='line_1_22' title="bbox 437 2517 2538 2602; baseline 0 -21"><span class='ocrx_word' id='word_1_169' title='bbox 437 2518 813 2601; x_wconf 88' lang='lat' dir='ltr'><strong>plicaretur,</strong></span> <span class='ocrx_word' id='word_1_170' title='bbox 848 2518 1080 2583; x_wconf 92' lang='lat' dir='ltr'><strong>Volsci</strong></span> <span class='ocrx_word' id='word_1_171' title='bbox 1141 2528 1214 2584; x_wconf 93' lang='lat' dir='ltr'><strong>ut</strong></span> <span class='ocrx_word' id='word_1_172' title='bbox 1269 2520 1504 2584; x_wconf 90' lang='lat' dir='ltr'><strong>eodem</strong></span> <span class='ocrx_word' id='word_1_173' title='bbox 1567 2519 1759 2602; x_wconf 90' lang='lat' dir='ltr'><strong>signo</strong></span> <span class='ocrx_word' id='word_1_174' title='bbox 1812 2518 2081 2583; x_wconf 88' lang='lat' dir='ltr'><strong>excitati</strong></span> <span class='ocrx_word' id='word_1_175' title='bbox 2138 2517 2538 2582; x_wconf 90' lang='lat' dir='ltr'><strong>novissimos</strong></span> 
     </span>
     <span class='ocr_line' id='line_1_23' title="bbox 437 2621 2540 2707; baseline 0 -21"><span class='ocrx_word' id='word_1_176' title='bbox 437 2622 842 2687; x_wconf 91' lang='lat' dir='ltr'><strong>adoriuntur.</strong></span> <span class='ocrx_word' id='word_1_177' title='bbox 936 2622 1006 2686; x_wconf 92' lang='lat' dir='ltr'>A</span> <span class='ocrx_word' id='word_1_178' title='bbox 1036 2622 1282 2707; x_wconf 91' lang='lat' dir='ltr'><strong>quibus</strong></span> <span class='ocrx_word' id='word_1_179' title='bbox 1328 2623 1623 2706; x_wconf 91' lang='lat' dir='ltr'><strong>perlatus</strong></span> <span class='ocrx_word' id='word_1_180' title='bbox 1668 2624 1752 2687; x_wconf 91' lang='lat' dir='ltr'><strong>ad</strong></span> <span class='ocrx_word' id='word_1_181' title='bbox 1797 2622 2047 2705; x_wconf 92' lang='lat' dir='ltr'><strong>primos</strong></span> <span class='ocrx_word' id='word_1_182' title='bbox 2092 2621 2422 2686; x_wconf 87' lang='lat' dir='ltr'><strong>turnultus</strong></span> <span class='ocrx_word' id='word_1_183' title='bbox 2459 2642 2540 2686; x_wconf 90' lang='lat' dir='ltr'><strong>eo</strong></span> 
     </span>
     <span class='ocr_line' id='line_1_24' title="bbox 437 2724 2543 2810; baseline -0 -20"><span class='ocrx_word' id='word_1_184' title='bbox 437 2746 680 2809; x_wconf 87' lang='lat' dir='ltr'><strong>pavore</strong></span> <span class='ocrx_word' id='word_1_185' title='bbox 732 2726 1057 2810; x_wconf 91' lang='lat' dir='ltr'><strong>signaque</strong></span> <span class='ocrx_word' id='word_1_186' title='bbox 1107 2736 1175 2791; x_wconf 92' lang='lat' dir='ltr'><strong>et</strong></span> <span class='ocrx_word' id='word_1_187' title='bbox 1225 2727 1495 2792; x_wconf 90' lang='lat' dir='ltr'><strong>ordines</strong></span> <span class='ocrx_word' id='word_1_188' title='bbox 1540 2726 1836 2792; x_wconf 88' lang='lat' dir='ltr'><strong>turbavit</strong></span> <span class='ocrx_word' id='word_1_189' title='bbox 1882 2735 1957 2790; x_wconf 91' lang='lat' dir='ltr'><strong>ut</strong></span> <span class='ocrx_word' id='word_1_190' title='bbox 2003 2746 2223 2810; x_wconf 89' lang='lat' dir='ltr'><strong>neque</strong></span> <span class='ocrx_word' id='word_1_191' title='bbox 2265 2724 2543 2808; x_wconf 89' lang='lat' dir='ltr'><strong>imperia</strong></span> 
     </span>
    </p>
   </div>
   <div class='ocr_carea' id='block_1_3' title="bbox 342 2898 2546 3821">
    <p class='ocr_par' dir='ltr' id='par_1_3' title="bbox 436 2898 2543 2962">
     <span class='ocr_line' id='line_1_25' title="bbox 436 2898 2543 2962; baseline -0.001 -12"><span class='ocrx_word' id='word_1_192' title='bbox 436 2899 624 2962; x_wconf 85' lang='lat' dir='ltr'><strong>merely</strong></span> <span class='ocrx_word' id='word_1_193' title='bbox 652 2916 721 2948; x_wconf 89' lang='lat' dir='ltr'><strong>on</strong></span> <span class='ocrx_word' id='word_1_194' title='bbox 753 2898 1071 2958; x_wconf 82' lang='lat' dir='ltr'><strong>violentior,</strong></span> <span class='ocrx_word' id='word_1_195' title='bbox 1105 2899 1198 2949; x_wconf 89' lang='lat' dir='ltr'><strong>but</strong></span> <span class='ocrx_word' id='word_1_196' title='bbox 1236 2915 1306 2948; x_wconf 90' lang='lat' dir='ltr'><strong>on</strong></span> <span class='ocrx_word' id='word_1_197' title='bbox 1349 2899 1438 2949; x_wconf 87' lang='lat' dir='ltr'><strong>the</strong></span> <span class='ocrx_word' id='word_1_198' title='bbox 1537 2900 1662 2950; x_wconf 82' lang='lat' dir='ltr'><strong>such</strong></span> <span class='ocrx_word' id='word_1_199' title='bbox 1716 2900 1828 2949; x_wconf 86' lang='lat' dir='ltr'><strong>that</strong></span> <span class='ocrx_word' id='word_1_200' title='bbox 1877 2899 1917 2949; x_wconf 85' lang='lat' dir='ltr'><strong>it</strong></span> <span class='ocrx_word' id='word_1_201' title='bbox 1960 2905 2051 2949; x_wconf 90' lang='lat' dir='ltr'><strong>not</strong></span> <span class='ocrx_word' id='word_1_202' title='bbox 2095 2899 2214 2962; x_wconf 85' lang='lat' dir='ltr'><strong>only</strong></span> <span class='ocrx_word' id='word_1_203' title='bbox 2258 2898 2413 2961; x_wconf 87' lang='lat' dir='ltr'><strong>dimly</strong></span> <span class='ocrx_word' id='word_1_204' title='bbox 2457 2915 2543 2948; x_wconf 89' lang='lat' dir='ltr'><strong>oc·</strong></span> 
     </span>
    </p>

    <p class='ocr_par' dir='ltr' id='par_1_4' title="bbox 435 2964 2543 3095">
     <span class='ocr_line' id='line_1_26' title="bbox 435 2964 2543 3041; baseline -0.001 -26"><span class='ocrx_word' id='word_1_205' title='bbox 435 2965 600 3015; x_wconf 82' lang='lat' dir='ltr'><strong>whole</strong></span> <span class='ocrx_word' id='word_1_206' title='bbox 624 2965 927 3029; x_wconf 85' lang='lat' dir='ltr'><strong>expression.</strong></span> <span class='ocrx_word' id='word_1_207' title='bbox 1539 2967 1717 3015; x_wconf 89' lang='lat' dir='ltr'><strong>curred</strong></span> <span class='ocrx_word' id='word_1_208' title='bbox 1750 2973 1803 3015; x_wconf 90' lang='lat' dir='ltr'><strong>to</strong></span> <span class='ocrx_word' id='word_1_209' title='bbox 1837 2966 1926 3014; x_wconf 91' lang='lat' dir='ltr'><strong>the</strong></span> <span class='ocrx_word' id='word_1_210' title='bbox 1959 2966 2101 3015; x_wconf 89' lang='lat' dir='ltr'><strong>mind</strong></span> <span class='ocrx_word' id='word_1_211' title='bbox 2133 2981 2190 3014; x_wconf 83' lang='lat' dir='ltr'><strong>as</strong></span> <span class='ocrx_word' id='word_1_212' title='bbox 2216 2981 2248 3013; x_wconf 84' lang='lat' dir='ltr'><strong>a</strong></span> <span class='ocrx_word' id='word_1_213' title='bbox 2268 2964 2543 3041; x_wconf 83' lang='lat' dir='ltr'><strong>suspicion,</strong></span> 
     </span>
     <span class='ocr_line' id='line_1_27' title="bbox 504 3030 2542 3120; baseline -0.001 -40"><span class='ocrx_word' id='word_1_214' title='bbox 504 3044 551 3095; x_wconf 88' lang='lat'><strong>3.</strong></span> <span class='ocrx_word' id='word_1_215' title='bbox 591 3045 889 3120; x_wconf 81' lang='lat' dir='ltr'><strong>expressa=</strong></span> <span class='ocrx_word' id='word_1_216' title='bbox 939 3030 1012 3079; x_wconf 91' lang='lat' dir='ltr'><strong>lit.</strong></span> <span class='ocrx_word' id='word_1_217' title='bbox 1058 3035 1263 3094; x_wconf 75' lang='lat' dir='ltr'><strong>‘wrung</strong></span> <span class='ocrx_word' id='word_1_218' title='bbox 1307 3030 1438 3080; x_wconf 84' lang='lat' dir='ltr'><strong>from</strong></span> <span class='ocrx_word' id='word_1_219' title='bbox 1539 3031 1630 3081; x_wconf 88' lang='lat' dir='ltr'><strong>but</strong></span> <span class='ocrx_word' id='word_1_220' title='bbox 1651 3047 1794 3081; x_wconf 85' lang='lat' dir='ltr'><strong>came</strong></span> <span class='ocrx_word' id='word_1_221' title='bbox 1828 3031 2002 3080; x_wconf 83' lang='lat' dir='ltr'><strong>before</strong></span> <span class='ocrx_word' id='word_1_222' title='bbox 2034 3032 2123 3081; x_wconf 87' lang='lat' dir='ltr'><strong>the</strong></span> <span class='ocrx_word' id='word_1_223' title='bbox 2146 3046 2263 3094; x_wconf 80' lang='lat' dir='ltr'><strong>eyes</strong></span> <span class='ocrx_word' id='word_1_224' title='bbox 2283 3046 2340 3079; x_wconf 82' lang='lat' dir='ltr'><strong>as</strong></span> <span class='ocrx_word' id='word_1_225' title='bbox 2362 3046 2395 3078; x_wconf 86' lang='lat' dir='ltr'><strong>a</strong></span> <span class='ocrx_word' id='word_1_226' title='bbox 2416 3032 2542 3079; x_wconf 82' lang='lat' dir='ltr'><strong>visi·</strong></span> 
     </span>
    </p>

    <p class='ocr_par' dir='ltr' id='par_1_5' title="bbox 435 3096 1834 3160">
     <span class='ocr_line' id='line_1_28' title="bbox 435 3096 1834 3160; baseline -0.001 -14"><span class='ocrx_word' id='word_1_227' title='bbox 435 3097 603 3146; x_wconf 82' lang='lat' dir='ltr'><strong>them’</strong></span> <span class='ocrx_word' id='word_1_228' title='bbox 615 3113 630 3156; x_wconf 72' lang='grc' dir='ltr'><strong>ς</strong></span> <span class='ocrx_word' id='word_1_229' title='bbox 664 3098 686 3144; x_wconf 84' lang='lat' dir='ltr'><strong>i</strong></span> <span class='ocrx_word' id='word_1_230' title='bbox 688 3113 739 3145; x_wconf 92' lang='lat' dir='ltr'><strong>..e</strong></span> <span class='ocrx_word' id='word_1_231' title='bbox 758 3096 889 3145; x_wconf 91' lang='lat' dir='ltr'><strong>their</strong></span> <span class='ocrx_word' id='word_1_232' title='bbox 912 3111 1098 3160; x_wconf 87' lang='lat' dir='ltr'><strong>energy</strong></span> <span class='ocrx_word' id='word_1_233' title='bbox 1113 3110 1216 3146; x_wconf 85' lang='lat' dir='ltr'><strong>was</strong></span> <span class='ocrx_word' id='word_1_234' title='bbox 1238 3098 1438 3147; x_wconf 86' lang='lat' dir='ltr'><strong>roused.</strong></span> <span class='ocrx_word' id='word_1_235' title='bbox 1537 3097 1613 3146; x_wconf 83' lang='lat' dir='ltr'><strong>ble</strong></span> <span class='ocrx_word' id='word_1_236' title='bbox 1635 3099 1834 3160; x_wconf 78' lang='lat' dir='ltr'><strong>reality.</strong></span> 
     </span>
    </p>

    <p class='ocr_par' dir='ltr' id='par_1_6' title="bbox 342 3161 2544 3228">
     <span class='ocr_line' id='line_1_29' title="bbox 342 3161 2544 3228; baseline -0 -17"><span class='ocrx_word' id='word_1_237' title='bbox 342 3173 349 3179; x_wconf 79' lang='grc'>’</span> <span class='ocrx_word' id='word_1_238' title='bbox 433 3187 502 3200; x_wconf 89' lang='lat'><strong>——</strong></span> <span class='ocrx_word' id='word_1_239' title='bbox 517 3163 623 3221; x_wconf 83' lang='lat' dir='ltr'><strong>vis,</strong></span> <span class='ocrx_word' id='word_1_240' title='bbox 657 3177 853 3226; x_wconf 84' lang='lat' dir='ltr'><strong>energy.</strong></span> <span class='ocrx_word' id='word_1_241' title='bbox 869 3162 1110 3213; x_wconf 79' lang='lat' dir='ltr'><strong>—alibi.</strong></span> <span class='ocrx_word' id='word_1_242' title='bbox 1150 3164 1185 3211; x_wconf 81' lang='lat' dir='ltr'><strong>i.</strong></span> <span class='ocrx_word' id='word_1_243' title='bbox 1189 3179 1228 3213; x_wconf 94' lang='lat' dir='ltr'><strong>e.</strong></span> <span class='ocrx_word' id='word_1_244' title='bbox 1259 3169 1439 3228; x_wconf 87' lang='lat' dir='ltr'><strong>except</strong></span> <span class='ocrx_word' id='word_1_245' title='bbox 1605 3162 1651 3211; x_wconf 89' lang='lat'><strong>6.</strong></span> <span class='ocrx_word' id='word_1_246' title='bbox 1710 3164 1939 3225; x_wconf 78' lang='lat' dir='ltr'><strong>quando</strong></span> <span class='ocrx_word' id='word_1_247' title='bbox 2005 3161 2254 3226; x_wconf 85' lang='lat' dir='ltr'><strong>quidem,</strong></span> <span class='ocrx_word' id='word_1_248' title='bbox 2311 3168 2438 3210; x_wconf 89' lang='lat' dir='ltr'><strong>etc..</strong></span> <span class='ocrx_word' id='word_1_249' title='bbox 2511 3177 2544 3211; x_wconf 80' lang='lat' dir='ltr'><strong>a</strong></span> 
     </span>
    </p>

    <p class='ocr_par' dir='ltr' id='par_1_7' title="bbox 435 3227 2543 3426">
     <span class='ocr_line' id='line_1_30' title="bbox 435 3227 2543 3292; baseline -0.001 -14"><span class='ocrx_word' id='word_1_250' title='bbox 435 3228 491 3278; x_wconf 87' lang='lat' dir='ltr'><strong>in</strong></span> <span class='ocrx_word' id='word_1_251' title='bbox 513 3229 600 3277; x_wconf 89' lang='lat' dir='ltr'><strong>the</strong></span> <span class='ocrx_word' id='word_1_252' title='bbox 624 3244 771 3292; x_wconf 78' lang='lat' dir='ltr'><strong>camp</strong></span> <span class='ocrx_word' id='word_1_253' title='bbox 796 3227 941 3277; x_wconf 85' lang='lat' dir='ltr'><strong>itself.</strong></span> <span class='ocrx_word' id='word_1_254' title='bbox 1531 3228 1754 3291; x_wconf 70' lang='lat' dir='ltr'><strong>thought</strong></span> <span class='ocrx_word' id='word_1_255' title='bbox 1787 3235 1878 3292; x_wconf 87' lang='lat' dir='ltr'><strong>put</strong></span> <span class='ocrx_word' id='word_1_256' title='bbox 1914 3228 2020 3277; x_wconf 89' lang='lat' dir='ltr'><strong>into</strong></span> <span class='ocrx_word' id='word_1_257' title='bbox 2053 3228 2141 3277; x_wconf 87' lang='lat' dir='ltr'><strong>the</strong></span> <span class='ocrx_word' id='word_1_258' title='bbox 2175 3228 2315 3277; x_wconf 89' lang='lat' dir='ltr'><strong>mind</strong></span> <span class='ocrx_word' id='word_1_259' title='bbox 2349 3227 2408 3275; x_wconf 80' lang='lat' dir='ltr'><strong>of</strong></span> <span class='ocrx_word' id='word_1_260' title='bbox 2436 3229 2543 3291; x_wconf 89' lang='lat' dir='ltr'><strong>Ap-</strong></span> 
     </span>
     <span class='ocr_line' id='line_1_31' title="bbox 433 3293 2543 3397; baseline -0.001 -53.935"><span class='ocrx_word' id='word_1_261' title='bbox 433 3309 550 3397; x_wconf 65' lang='lat'><strong>-34</strong></span> <span class='ocrx_word' id='word_1_262' title='bbox 586 3296 820 3352; x_wconf 74' lang='lat' dir='ltr'><strong>saevire,</strong></span> <span class='ocrx_word' id='word_1_263' title='bbox 835 3301 955 3342; x_wconf 83' lang='lat' dir='ltr'><strong>vent</strong></span> <span class='ocrx_word' id='word_1_264' title='bbox 964 3293 1046 3342; x_wconf 73' lang='lat' dir='ltr'><strong>lais</strong></span> <span class='ocrx_word' id='word_1_265' title='bbox 1061 3309 1195 3358; x_wconf 83' lang='lat' dir='ltr'><strong>rage,</strong></span> <span class='ocrx_word' id='word_1_266' title='bbox 1212 3293 1438 3344; x_wconf 81' lang='lat' dir='ltr'><strong>asosten.</strong></span> <span class='ocrx_word' id='word_1_267' title='bbox 1538 3294 1667 3360; x_wconf 87' lang='lat' dir='ltr'><strong>pius.</strong></span> <span class='ocrx_word' id='word_1_268' title='bbox 1690 3319 1756 3330; x_wconf 96' lang='lat'>—</span> <span class='ocrx_word' id='word_1_269' title='bbox 1778 3303 2009 3359; x_wconf 72' lang='lat' dir='ltr'><strong>tempus</strong></span> <span class='ocrx_word' id='word_1_270' title='bbox 2060 3307 2254 3350; x_wconf 75' lang='lat' dir='ltr'><strong>noxae,</strong></span> <span class='ocrx_word' id='word_1_271' title='bbox 2285 3299 2543 3356; x_wconf 80' lang='lat' dir='ltr'><strong>postpone-</strong></span> 
     </span>
     <span class='ocr_line' id='line_1_32' title="bbox 433 3359 2544 3426; baseline -0.002 -17.849"><span class='ocrx_word' id='word_1_272' title='bbox 433 3360 852 3423; x_wconf 87' lang='lat' dir='ltr'><strong>—irnperium,</strong></span> <span class='ocrx_word' id='word_1_273' title='bbox 887 3375 960 3408; x_wconf 83' lang='lat' dir='ltr'><strong>an</strong></span> <span class='ocrx_word' id='word_1_274' title='bbox 997 3361 1214 3408; x_wconf 83' lang='lat' dir='ltr'><strong>exercise</strong></span> <span class='ocrx_word' id='word_1_275' title='bbox 1256 3360 1319 3425; x_wconf 88' lang='lat' dir='ltr'><strong>of</strong></span> <span class='ocrx_word' id='word_1_276' title='bbox 1342 3376 1440 3408; x_wconf 82' lang='lat' dir='ltr'><strong>au·</strong></span> <span class='ocrx_word' id='word_1_277' title='bbox 1540 3367 1681 3408; x_wconf 83' lang='lat' dir='ltr'><strong>ment</strong></span> <span class='ocrx_word' id='word_1_278' title='bbox 1728 3361 1793 3426; x_wconf 72' lang='lat' dir='ltr'><strong>qs</strong></span> <span class='ocrx_word' id='word_1_279' title='bbox 1828 3360 1964 3408; x_wconf 78' lang='lat' dir='ltr'><strong>their</strong></span> <span class='ocrx_word' id='word_1_280' title='bbox 1995 3359 2348 3423; x_wconf 77' lang='lat' dir='ltr'><strong>punishment.</strong></span> <span class='ocrx_word' id='word_1_281' title='bbox 2369 3384 2440 3394; x_wconf 93' lang='lat'><strong>—</strong></span> <span class='ocrx_word' id='word_1_282' title='bbox 2461 3359 2544 3406; x_wconf 88' lang='lat' dir='ltr'><strong>lu-</strong></span> 
     </span>
    </p>

    <p class='ocr_par' dir='ltr' id='par_1_8' title="bbox 433 3423 2545 3488">
     <span class='ocr_line' id='line_1_33' title="bbox 433 3423 2545 3488; baseline -0.001 -13"><span class='ocrx_word' id='word_1_283' title='bbox 433 3426 642 3488; x_wconf 47' lang='lat' dir='ltr'><strong>thorio&amp;</strong></span> <span class='ocrx_word' id='word_1_284' title='bbox 657 3426 779 3475; x_wconf 90' lang='lat' dir='ltr'><strong>such</strong></span> <span class='ocrx_word' id='word_1_285' title='bbox 795 3426 1010 3474; x_wconf 88' lang='lat' dir='ltr'><strong>abstract</strong></span> <span class='ocrx_word' id='word_1_286' title='bbox 1023 3441 1184 3474; x_wconf 81' lang='lat' dir='ltr'><strong>nouus</strong></span> <span class='ocrx_word' id='word_1_287' title='bbox 1197 3441 1281 3474; x_wconf 87' lang='lat' dir='ltr'><strong>are</strong></span> <span class='ocrx_word' id='word_1_288' title='bbox 1299 3425 1441 3475; x_wconf 87' lang='lat' dir='ltr'><strong>often</strong></span> <span class='ocrx_word' id='word_1_289' title='bbox 1540 3434 1840 3482; x_wconf 81' lang='lat' dir='ltr'><strong>erarentur,</strong></span> <span class='ocrx_word' id='word_1_290' title='bbox 1861 3425 2094 3488; x_wconf 77' lang='lat' dir='ltr'><strong>theygot,·</strong></span> <span class='ocrx_word' id='word_1_291' title='bbox 2128 3423 2361 3488; x_wconf 90' lang='lat' dir='ltr'><strong>properly</strong></span> <span class='ocrx_word' id='word_1_292' title='bbox 2377 3439 2434 3473; x_wconf 80' lang='lat' dir='ltr'><strong>as</strong></span> <span class='ocrx_word' id='word_1_293' title='bbox 2456 3425 2545 3472; x_wconf 90' lang='lat' dir='ltr'><strong>the</strong></span> 
     </span>
    </p>

    <p class='ocr_par' dir='ltr' id='par_1_9' title="bbox 435 3490 2545 3557">
     <span class='ocr_line' id='line_1_34' title="bbox 435 3490 2545 3557; baseline -0.001 -17"><span class='ocrx_word' id='word_1_294' title='bbox 435 3493 559 3540; x_wconf 85' lang='lat' dir='ltr'><strong>used</strong></span> <span class='ocrx_word' id='word_1_295' title='bbox 578 3493 630 3539; x_wconf 88' lang='lat' dir='ltr'><strong>in</strong></span> <span class='ocrx_word' id='word_1_296' title='bbox 648 3498 881 3540; x_wconf 89' lang='lat' dir='ltr'><strong>concrete</strong></span> <span class='ocrx_word' id='word_1_297' title='bbox 903 3506 1095 3550; x_wconf 83' lang='lat' dir='ltr'><strong>senses;</strong></span> <span class='ocrx_word' id='word_1_298' title='bbox 1128 3491 1191 3540; x_wconf 85' lang='lat' dir='ltr'><strong>cf.</strong></span> <span class='ocrx_word' id='word_1_299' title='bbox 1208 3491 1441 3541; x_wconf 87' lang='lat' dir='ltr'><strong>theiruse</strong></span> <span class='ocrx_word' id='word_1_300' title='bbox 1539 3491 1679 3557; x_wconf 87' lang='lat' dir='ltr'><strong>price</strong></span> <span class='ocrx_word' id='word_1_301' title='bbox 1724 3490 1784 3539; x_wconf 87' lang='lat' dir='ltr'><strong>of</strong></span> <span class='ocrx_word' id='word_1_302' title='bbox 1819 3491 1907 3540; x_wconf 87' lang='lat' dir='ltr'><strong>the</strong></span> <span class='ocrx_word' id='word_1_303' title='bbox 1952 3490 2175 3553; x_wconf 87' lang='lat' dir='ltr'><strong>bargain.</strong></span> <span class='ocrx_word' id='word_1_304' title='bbox 2245 3490 2331 3539; x_wconf 91' lang='lat' dir='ltr'><strong>He</strong></span> <span class='ocrx_word' id='word_1_305' title='bbox 2372 3495 2545 3538; x_wconf 84' lang='lat' dir='ltr'><strong>meant</strong></span> 
     </span>
    </p>

    <p class='ocr_par' dir='ltr' id='par_1_10' title="bbox 428 3554 2546 3686">
     <span class='ocr_line' id='line_1_35' title="bbox 428 3554 2546 3632; baseline -0.001 -26"><span class='ocrx_word' id='word_1_306' title='bbox 428 3557 489 3606; x_wconf 82' lang='lat' dir='ltr'><strong>in</strong></span> <span class='ocrx_word' id='word_1_307' title='bbox 511 3557 598 3605; x_wconf 87' lang='lat' dir='ltr'><strong>the</strong></span> <span class='ocrx_word' id='word_1_308' title='bbox 621 3556 797 3620; x_wconf 88' lang='lat' dir='ltr'><strong>plural.</strong></span> <span class='ocrx_word' id='word_1_309' title='bbox 1540 3563 1594 3606; x_wconf 90' lang='lat' dir='ltr'><strong>to</strong></span> <span class='ocrx_word' id='word_1_310' title='bbox 1631 3572 1773 3619; x_wconf 86' lang='lat' dir='ltr'><strong>carry</strong></span> <span class='ocrx_word' id='word_1_311' title='bbox 1808 3563 1897 3605; x_wconf 90' lang='lat' dir='ltr'><strong>out</strong></span> <span class='ocrx_word' id='word_1_312' title='bbox 1934 3556 2013 3605; x_wconf 84' lang='lat' dir='ltr'><strong>his</strong></span> <span class='ocrx_word' id='word_1_313' title='bbox 2056 3570 2274 3632; x_wconf 83' lang='lat' dir='ltr'><strong>purpose</strong></span> <span class='ocrx_word' id='word_1_314' title='bbox 2317 3554 2459 3604; x_wconf 88' lang='lat' dir='ltr'><strong>later.</strong></span> <span class='ocrx_word' id='word_1_315' title='bbox 2476 3579 2546 3591; x_wconf 89' lang='lat'>-</span> 
     </span>
     <span class='ocr_line' id='line_1_36' title="bbox 503 3620 2545 3686; baseline -0.001 -15"><span class='ocrx_word' id='word_1_316' title='bbox 503 3633 549 3686; x_wconf 83' lang='lat'><strong>5.</strong></span> <span class='ocrx_word' id='word_1_317' title='bbox 594 3636 819 3684; x_wconf 81' lang='lat' dir='ltr'><strong>negare,</strong></span> <span class='ocrx_word' id='word_1_318' title='bbox 855 3628 979 3670; x_wconf 81' lang='lat' dir='ltr'><strong>etc.=</strong></span> <span class='ocrx_word' id='word_1_319' title='bbox 1045 3622 1133 3670; x_wconf 87' lang='lat' dir='ltr'><strong>the</strong></span> <span class='ocrx_word' id='word_1_320' title='bbox 1176 3623 1343 3671; x_wconf 80' lang='lat' dir='ltr'><strong>words</strong></span> <span class='ocrx_word' id='word_1_321' title='bbox 1387 3621 1447 3670; x_wconf 87' lang='lat' dir='ltr'><strong>of</strong></span> <span class='ocrx_word' id='word_1_322' title='bbox 1539 3623 1809 3672; x_wconf 81' lang='lat' dir='ltr'><strong>remissa·</strong></span> <span class='ocrx_word' id='word_1_323' title='bbox 1854 3623 1890 3670; x_wconf 80' lang='lat' dir='ltr'><strong>i.</strong></span> <span class='ocrx_word' id='word_1_324' title='bbox 1893 3638 1935 3671; x_wconf 89' lang='lat' dir='ltr'><strong>e.</strong></span> <span class='ocrx_word' id='word_1_325' title='bbox 1972 3621 2146 3685; x_wconf 82' lang='lat' dir='ltr'><strong>giving</strong></span> <span class='ocrx_word' id='word_1_326' title='bbox 2187 3636 2259 3686; x_wconf 90' lang='lat' dir='ltr'><strong>up</strong></span> <span class='ocrx_word' id='word_1_327' title='bbox 2300 3620 2390 3670; x_wconf 89' lang='lat' dir='ltr'><strong>the</strong></span> <span class='ocrx_word' id='word_1_328' title='bbox 2428 3635 2545 3685; x_wconf 89' lang='lat' dir='ltr'><strong>pro-</strong></span> 
     </span>
    </p>

    <p class='ocr_par' dir='ltr' id='par_1_11' title="bbox 435 3686 1986 3752">
     <span class='ocr_line' id='line_1_37' title="bbox 435 3686 1986 3752; baseline 0.001 -18"><span class='ocrx_word' id='word_1_329' title='bbox 435 3686 523 3735; x_wconf 86' lang='lat' dir='ltr'><strong>the</strong></span> <span class='ocrx_word' id='word_1_330' title='bbox 555 3693 926 3735; x_wconf 86' lang='lat' dir='ltr'><strong>remonstrants.</strong></span> <span class='ocrx_word' id='word_1_331' title='bbox 940 3713 1009 3722; x_wconf 93' lang='lat'>—</span> <span class='ocrx_word' id='word_1_332' title='bbox 1022 3695 1275 3750; x_wconf 78' lang='lat' dir='ltr'><strong>apertam</strong></span> <span class='ocrx_word' id='word_1_333' title='bbox 1311 3701 1438 3751; x_wconf 82' lang='lat' dir='ltr'><strong>spe·</strong></span> <span class='ocrx_word' id='word_1_334' title='bbox 1539 3690 1699 3752; x_wconf 87' lang='lat' dir='ltr'><strong>posed</strong></span> <span class='ocrx_word' id='word_1_335' title='bbox 1724 3687 1986 3750; x_wconf 83' lang='lat' dir='ltr'><strong>assembly.</strong></span> 
     </span>
    </p>

    <p class='ocr_par' dir='ltr' id='par_1_12' title="bbox 434 3751 2414 3821">
     <span class='ocr_line' id='line_1_38' title="bbox 434 3751 2414 3821; baseline -0.001 -20"><span class='ocrx_word' id='word_1_336' title='bbox 434 3751 599 3821; x_wconf 75' lang='lat' dir='ltr'><strong>ciem,</strong></span> <span class='ocrx_word' id='word_1_337' title='bbox 659 3751 1028 3800; x_wconf 76' lang='lat' dir='ltr'><strong>unmistakable</strong></span> <span class='ocrx_word' id='word_1_338' title='bbox 1106 3759 1440 3818; x_wconf 82' lang='lat' dir='ltr'><strong>appearance,</strong></span> <span class='ocrx_word' id='word_1_339' title='bbox 1609 3765 1654 3818; x_wconf 90' lang='lat'><strong>7.</strong></span> <span class='ocrx_word' id='word_1_340' title='bbox 1688 3767 1820 3803; x_wconf 82' lang='lat' dir='ltr'><strong>cum</strong></span> <span class='ocrx_word' id='word_1_341' title='bbox 1843 3752 2093 3803; x_wconf 76' lang='lat' dir='ltr'><strong>maxime</strong></span> <span class='ocrx_word' id='word_1_342' title='bbox 2094 3752 2238 3816; x_wconf 85' lang='lat' dir='ltr'><strong>,just</strong></span> <span class='ocrx_word' id='word_1_343' title='bbox 2253 3751 2414 3801; x_wconf 77' lang='lat' dir='ltr'><strong>when.</strong></span> 
     </span>
    </p>
   </div>
  </div>
 </body>
</html>
