2792 4316
209 327 409 377 Cum.
437 338 513 389 14,
541 326 644 393 15.]
1222 328 1407 379 LIVY.
2356 331 2420 385 45

207 511 398 555 arma
434 490 745 555 omnibus
793 491 1044 556 infesta
1089 491 1391 557 finitimis
1443 501 1692 570 essent,
1736 493 2139 559 stimulabat.
2238 496 2320 559 In

207 595 384 659 fines
419 596 762 659 Romanos
796 606 1314 659 excucurrerunt
1360 597 1814 679 populabundi
1862 599 2073 681 magis
2120 620 2317 682 quam

209 698 374 762 iusti
405 718 590 761 more
621 699 795 763 belli.
891 699 1129 782 Itaque
1161 721 1298 764 non
1323 701 1560 764 castris
1593 701 1849 784 positis,
1886 723 2020 765 non
2054 723 2321 785 exspec·
2365 727 2395 759 2

207 812 355 865 tato
380 802 675 865 hostium
701 803 1016 878 exercitu,
1041 812 1295 885 raptam
1321 824 1404 866 ex
1427 804 1606 886 agris
1631 806 1944 886 praedam
1969 815 2316 887 portantes
2396 812 2403 816 ’

207 906 421 969 Veios
477 906 746 970 rediere.
846 906 1191 969 Romanus
1241 916 1494 983 contra,
1536 917 1890 991 postquam
1941 910 2204 973 hostem
2247 910 2315 973 in

206 1009 388 1091 agris
421 1029 557 1072 non
603 1009 877 1085 invenit,
913 1009 1323 1074 dimicationi
1369 1011 1642 1075 ultimae
1688 1012 2058 1076 instructus
2105 1013 2317 1077 inten-

169 1138 174 1141 ·
207 1122 453 1195 tusque
486 1112 786 1177 Tiberim
816 1113 1075 1177 transit.
1174 1114 1393 1196 Quem
1429 1123 1782 1198 postquam
1816 1125 2035 1179 castra
2065 1138 2313 1198 ponere
2359 1141 2389 1187 3

208 1226 279 1279 et
339 1217 425 1279 ad
485 1217 720 1281 urbem
781 1237 1207 1280 accessurum
1268 1218 1593 1282 Veientes
1654 1219 1982 1295 audivere,
2049 1221 2312 1284 obviam

208 1320 485 1402 egressi,
521 1330 594 1383 ut
625 1320 849 1403 potius
880 1320 1023 1384 acie
1054 1321 1492 1385 decernerent
1518 1343 1714 1405 quam
1740 1322 1980 1386 inclusi
2005 1324 2089 1387 de
2113 1325 2314 1388 tectis

208 1424 694 1507 moenibusque
726 1423 1133 1488 dimicarent.
1233 1424 1336 1488 Ibi
1366 1424 1620 1489 viribus
1660 1427 1843 1489 nulla
1881 1438 2026 1491 arte
2071 1428 2315 1491 adiutis
2357 1453 2389 1496 4

209 1537 474 1591 tantum
523 1527 821 1591 veterani
874 1528 1111 1591 robore
1171 1528 1505 1592 exercitus
1567 1549 1683 1592 rex
1747 1531 2091 1594 Romanus
2151 1532 2312 1596 vicit
2424 1519 2430 1526 ⁶

209 1640 737 1714 persecutusque
768 1631 957 1695 fusos
989 1633 1071 1695 ad
1103 1631 1367 1695 moenia
1398 1633 1630 1696 hostes
1663 1635 1828 1697 urbe
1857 1634 2075 1697 valida
2108 1635 2314 1699 muris

209 1755 288 1798 ac
350 1735 485 1798 situ
546 1735 692 1817 ipso
753 1735 1014 1798 munita
1074 1736 1439 1813 abstinuit3
1506 1757 1703 1819 agros
1766 1737 2030 1801 rediens
2091 1749 2311 1804 vastat

210 1839 576 1902 ulciscendi
622 1839 835 1922 magis
889 1860 1088 1922 quarn
1151 1841 1435 1921 praedae
1496 1840 1735 1904 studio.
1834 1843 2066 1925 anue
2128 1843 2313 1907 clade
2357 1870 2387 1917 5

210 1943 387 2005 haud
419 1942 639 2006 minus
670 1964 869 2026 quam
894 1943 1173 2006 adversa
1196 1964 1422 2026 pugna
1447 1944 1708 2007 subacti
1731 1944 2056 2009 Veientes
2080 1968 2311 2028 pacem

207 2046 495 2129 petitum
528 2056 826 2110 oratores
862 2049 1145 2110 Romam
1178 2047 1477 2111 mittunt.
1571 2047 1745 2131 Agri
1787 2057 1976 2130 parte
2013 2050 2313 2115 multatis

207 2150 278 2219 in
310 2161 580 2215 centum
614 2172 826 2214 annos
859 2150 1156 2215 indutiae
1186 2151 1398 2216 datae.

311 2256 503 2319 Haec
533 2252 745 2319 ferme
780 2255 1069 2319 Romulo
1101 2265 1427 2338 regnante
1457 2256 1637 2320 dorni
1667 2256 2074 2340 militiaeque
2111 2269 2321 2341 gesta,
2356 2276 2387 2320 6

207 2379 487 2442 quorum
520 2358 688 2421 nihil
719 2360 1041 2422 absonum
1081 2359 1236 2422 fidei
1283 2360 1550 2423 divinae
1596 2360 1872 2443 originis
1919 2361 2313 2426 divinitatis-

207 2483 337 2545 que
367 2472 521 2544 post
550 2471 837 2526 mortem
860 2463 1153 2526 creditae
1175 2462 1325 2539 fuit,
1350 2484 1485 2526 non
1510 2463 1771 2527 animus
1804 2463 1869 2527 in
1898 2484 2103 2546 regno
2137 2466 2312 2529 avito

204 2566 654 2647 reciperandO,
706 2587 840 2629 non
887 2567 1271 2631 condendae
1317 2567 1499 2630 urbis
1547 2568 1915 2644 consilium,
1963 2590 2095 2632 non
2137 2570 2311 2632 bello

202 2690 282 2734 ac
313 2690 476 2753 pace
508 2670 885 2734 firmandae.
982 2669 1096 2733 Ab
1135 2670 1244 2733 illo
1282 2670 1462 2734 enim
1509 2671 1810 2753 profecto
1843 2673 2095 2735 viribus
2135 2673 2307 2737 datis
2351 2704 2382 2748 7

202 2782 469 2837 tantum
516 2774 721 2837 valuit
783 2783 857 2837 ut
911 2772 982 2837 in
1042 2774 1483 2857 quadraginta
1535 2775 1774 2838 deinde
1828 2796 2039 2852 annos
2093 2786 2308 2841 tutam

203 2976 222 2986 ·
271 2976 735 3019 excucurrerunt:
773 2983 835 3016 sc.
867 2968 1100 3026 Veientes,
1117 2967 1207 3016 im-

200 3033 342 3098 plied
366 3033 417 3081 in
428 3033 757 3082 Veientium
782 3032 1207 3092 animi—iusti,

200 3100 428 3162 regular,
464 3114 519 3147 as
562 3100 790 3162 opposed
842 3106 895 3148 to
941 3099 1209 3164 predatory

206 3164 674 3230 (populabundi).
978 3207 984 3212 .

271 3243 317 3279 2.
363 3239 599 3293 raptam,
635 3237 744 3289 etc„
779 3230 887 3292 they
914 3231 1028 3279 stole
1061 3230 1206 3293 booty,

199 3296 328 3345 and.
385 3296 480 3345 See
503 3303 621 3344 note
639 3302 692 3344 to
716 3309 790 3356 14.
810 3295 1202 3354 8.-hostem:

200 3363 280 3412 tle.
300 3363 420 3424 they
435 3369 570 3411 went
592 3369 693 3420 out,
712 3362 802 3410 but
825 3361 981 3410 found
1004 3362 1208 3425 nobody

199 3437 254 3479 to
270 3429 411 3495 fight
438 3428 931 3478 with.—ultimae:
969 3431 1046 3479 i.e.
1071 3429 1205 3477 deci·

198 3498 720 3548 sive—instructus:
742 3496 1014 3561 physically
1021 3497 1173 3560 ready
1181 3513 1196 3556 3

198 3565 484 3616 intentus:
523 3565 730 3626 morally
752 3564 1015 3628 prepared.

267 3645 313 3695 3.
348 3646 575 3696 ponere,
604 3644 1000 3680 accessurum:
1039 3629 1207 3677 notice

197 3698 286 3747 the
304 3698 573 3747 difference
596 3697 648 3744 in
667 3704 821 3746 tense.
842 3723 902 3731 —-
917 3696 1003 3754 de,
1012 3696 1122 3761 for,
1148 3695 1208 3743 in

196 3764 396 3829 defence
415 3763 502 3828 of,·
538 3762 785 3827 properly,
809 3761 973 3810 about.

261 3844 312 3892 4.
359 3838 494 3888 arte,
529 3835 794 3892 stratagem
816 3844 838 3887 ,·
883 3827 1006 3876 such
1046 3842 1103 3877 as
1142 3827 1209 3875 he

1309 2967 1414 3017 had
1462 2969 1583 3017 used
1625 2969 1819 3031 against
1861 2970 2078 3019 Fidenae.
2096 2994 2162 3017 -ε
2180 2972 2313 3021 ulci-

1310 3035 1536 3083 scendi:
1569 3035 1655 3082 the
1670 3036 1864 3096 gerund
1880 3036 1931 3082 in
1951 3036 2099 3084 Latin
2117 3037 2159 3084 is
2173 3052 2312 3100 prac-

1309 3099 1478 3162 tically
1500 3116 1531 3148 a
1553 3115 1705 3158 noun,
1731 3102 1832 3150 and
1854 3101 1895 3149 is
1919 3102 2167 3151 therefore
2191 3105 2315 3152 used

1308 3165 1363 3214 in
1384 3165 1473 3214 the
1495 3181 1632 3214 same
1656 3167 1996 3215 construction
2018 3167 2138 3216 with
2166 3185 2280 3218 one.

1375 3231 1422 3280 6.
1457 3231 1598 3280 haec
1632 3232 1824 3290 ferme,
1848 3239 1959 3291 etc„
1982 3234 2079 3281 this
2101 3235 2146 3282 is
2168 3236 2320 3284 about

1308 3296 1456 3355 what,
1481 3299 1968 3357 etc.—absonum‚
1994 3301 2320 3350 inconsistent

1308 3363 1446 3412 with.
1471 3390 1536 3399 -
1559 3363 1717 3413 fidei:
1767 3380 1851 3413 see
1893 3364 1977 3413 Gr.
2019 3379 2130 3428 234.
2177 3383 2224 3415 α.
2248 3393 2317 3404 —

1308 3431 1567 3480 animus:
1609 3432 1689 3480 i.e.
1725 3431 1810 3480 the
1838 3432 1960 3493 lofty
1983 3431 2225 3481 ambition
2247 3431 2313 3481 he

1308 3497 1980 3560 displayed.-consilium,
1997 3505 2115 3546 etc.:
2150 3498 2316 3545 which

1308 3563 1415 3611 also
1440 3563 1696 3612 indicated
1718 3579 1749 3612 a
1769 3571 1910 3625 great
1933 3564 2057 3612 soul.

1378 3640 1421 3692 7.
1457 3630 1529 3678 ab
1575 3628 1699 3678 illo:
1761 3630 1838 3678 tle.
1897 3629 1971 3677 sor
2023 3629 2062 3677 it
2105 3643 2206 3676 was
2249 3627 2316 3676 he

1308 3695 1425 3743 who
1462 3710 1588 3757 gave
1635 3695 1721 3743 the
1765 3695 1865 3756 city
1898 3694 1962 3743 its
1994 3694 2318 3755 strength,—

1311 3776 1342 3809 a
1374 3760 1601 3822 strength
1635 3760 1761 3818 that,
1791 3766 1885 3809 etc.
1907 3786 1976 3796 —
1995 3766 2193 3817 tutam,
2219 3775 2315 3807 un-

1311 3826 1579 3876 disturbed.
