2792 4316
267 347 470 398 CHAPS.
497 361 576 411 32,
602 348 711 413 33.]
1305 345 1487 413 LJVY.
2427 349 2495 402 89

267 532 502 575 eorum
537 513 903 578 emittebat.
975 513 1128 577 Hoc
1149 523 1292 576 tum
1319 515 1516 577 modo
1539 515 1620 577 ab
1652 514 1910 578 Latinis
1933 514 2257 598 repetitae
2278 536 2384 579 res
2439 540 2494 586 14

264 638 346 680 ac
381 616 631 680 bellum
663 616 1006 692 indictum,
1033 637 1419 700 moremque
1465 609 1617 682 eurn
1666 619 1917 700 posteri
1962 631 2378 702 acceperunt.

359 720 618 796 Ancus,
653 721 1053 784 demandata
1083 740 1240 784 cura
1281 741 1619 786 sacrorum
1664 722 2043 786 flaminibus
2087 726 2383 789 sacerdo·
2411 730 2488 785 83

265 824 584 907 tibusque
630 824 794 899 aliis,
833 824 1128 888 exercitu
1176 846 1348 895 novo
1396 825 1791 908 conscriptO,
1834 826 2175 909 profectus
2225 830 2388 893 Poli-

265 928 534 1003 torium,
577 930 808 992 urbem
868 929 1278 1005 Latinorum,
1314 929 1380 992 vi
1436 930 1614 1013 cepit
1673 940 2077 1015 secutusque
2131 954 2383 997 morem

265 1050 503 1113 regum
537 1032 847 1113 priorum,
883 1032 994 1115 qui
1028 1053 1167 1096 rem
1206 1035 1579 1098 Romanam
1614 1045 1935 1100 auxerant
1969 1036 2272 1100 hostibus
2315 1036 2385 1100 in

266 1134 610 1199 civitatem
649 1136 1071 1219 accipiendiS,
1107 1137 1604 1203 multitudinem
1639 1157 1903 1202 omnem
1942 1140 2227 1203 Romam
2260 1150 2387 1204 tra-

266 1238 477 1303 duxit.
576 1240 663 1302 Et
711 1260 861 1303 curn
910 1240 1086 1304 circa
1137 1241 1481 1318 Palatium,
1519 1244 1746 1307 sedern
1790 1253 2092 1307 veterum
2144 1245 2383 1308 Roma·
2430 1268 2459 1301 ο

266 1363 526 1419 norum,
559 1343 791 1408 Sabini
819 1344 1220 1426 Capitolium
1255 1355 1455 1429 atque
1486 1367 1724 1422 arcem,
1756 1347 2056 1411 Caelium
2083 1358 2379 1412 montem

265 1446 522 1510 Albani
556 1447 967 1529 implessent,
997 1448 1414 1512 Aventinum
1441 1470 1652 1513 novae
1684 1450 2097 1514 multitudini
2130 1453 2377 1518 datum.

266 1549 509 1614 Additi
553 1551 786 1615 eodem
832 1552 1009 1615 haud
1056 1551 1150 1615 ita
1196 1554 1409 1617 multo
1452 1564 1604 1636 post
1651 1554 1948 1618 Tellenis
1997 1555 2380 1639 Ficanaque

267 1655 488 1736 captis
523 1654 677 1718 novi
710 1655 907 1720 cives,

362 1743 749 1822 Politorium
795 1759 949 1823 inde
997 1781 1225 1824 rursus
1265 1716 1440 1824 bello
1472 1762 1851 1844 repetitum,
1886 1765 2064 1846 quod
2096 1784 2375 1829 vacuum
2423 1788 2454 1835 3

269 1873 762 1945 occupaverant
799 1864 1003 1928 Prisci
1039 1864 1299 1942 Latini;
1346 1885 1558 1948 eaque
1590 1887 1791 1929 causa
1814 1867 2173 1931 diruendae
2198 1869 2380 1932 urbis

267 1967 414 2030 eius
475 1966 601 2030 fuit
660 1968 1002 2043 RomaniS,
1061 1988 1146 2031 ne
1206 1969 1501 2033 hostium
1564 1989 1827 2052 semper
1887 1972 2378 2053 receptaculum

267 2080 469 2135 esset.
554 2072 895 2170 Postremo
922 2073 1102 2136 omni
1127 2073 1303 2136 bello
1333 2073 1575 2137 Latino
1599 2074 1986 2140 Medulliam
2014 2076 2374 2158 compuISO‚
2422 2100 2476 2145 4

267 2176 675 2259 aliquamdiu
730 2177 821 2240 ibi
884 2177 1105 2241 Marte
1158 2178 1416 2242 incerto
1463 2178 1642 2242 varia
1686 2179 1962 2243 victoria
2009 2191 2377 2263 pugnatum

268 2290 416 2356 est;
478 2301 631 2344 nam
683 2289 749 2344 et
799 2282 955 2344 urbs
1010 2290 1159 2345 tuta
1219 2282 1704 2348 munitionibus
1765 2283 2226 2366 praesidioque
2279 2286 2382 2347 fir-

268 2393 452 2448 mata
486 2384 704 2448 valido
751 2394 896 2448 erat
951 2395 1018 2448 et
1062 2386 1298 2449 castris
1341 2387 1410 2449 in
1449 2398 1678 2469 aperto
1710 2387 1944 2469 positis
1980 2386 2379 2469 aliquotiens

269 2489 604 2552 exercitus
648 2489 930 2552 Latinus
972 2489 1342 2553 comminus
1381 2512 1533 2554 cum
1570 2489 1893 2554 Romanis
1927 2489 2122 2572 signa
2155 2501 2382 2556 contu-

266 2592 452 2656 lerat.
548 2592 660 2655 Ad
694 2582 1000 2656 ultimum
1035 2594 1345 2657 omnibus
1392 2593 1602 2676 copiis
1649 2594 1917 2658 conisus
1953 2594 2189 2658 Ancus
2239 2596 2380 2659 acie
2423 2619 2453 2669 ς

268 2696 556 2778 primurn
581 2697 808 2774 vincit,
837 2696 991 2760 inde
1023 2697 1281 2780 ingenti
1313 2699 1558 2780 praeda
1589 2707 1830 2780 potens
1866 2699 2152 2762 Romam
2186 2700 2376 2777 redit,

267 2809 414 2863 tum
446 2821 710 2883 quoque
748 2801 975 2864 multis
1019 2802 1286 2865 milibus
1330 2801 1725 2866 Latinorum
1772 2802 1841 2865 in
1889 2802 2233 2867 civitatem
2281 2825 2383 2868 ac-

268 2905 504 2986 ceptiS,
533 2904 792 2987 quibuS,
821 2914 894 2968 ut
928 2904 1319 2988 iungeretur
1344 2904 1597 2969 Palatio
1621 2906 2059 2983 Aventinum,
2087 2908 2169 2994 ad
2204 2908 2382 2972 Mur·

267 3007 413 3071 ciae
446 3008 642 3071 datae
674 3009 886 3072 sedes,

423 3171 686 3221 CONDUCT
718 3184 788 3220 OF
823 3185 937 3222 THE
971 3174 1122 3224 WAR.
1376 3196 1477 3240 two
1495 3191 1678 3255 phases
1700 3191 1759 3239 of
1777 3207 1807 3239 a
1829 3192 1988 3255 single
2012 3193 2145 3251 idea,
2168 3194 2385 3257 change·

336 3251 438 3306 33.
479 3255 849 3304 demandata:
902 3255 964 3304 cf.
1014 3268 1090 3304 20.
1137 3269 1186 3305 ·1.
1211 3284 1280 3293 —
1378 3257 1492 3305 able
1532 3257 1728 3306 fortune
1764 3258 1823 3306 of
1860 3274 1961 3306 war
1994 3230 2224 3322 showing
2255 3260 2392 3308 itself

269 3319 621 3378 Politorium,
659 3327 784 3369 etc.:
824 3321 890 3369 all
937 3321 1080 3370 these
1127 3322 1277 3371 Latin
1378 3323 1432 3370 in
1477 3323 1685 3385 varying
1729 3339 1940 3373 success.
1978 3352 2046 3362 —
2084 3334 2221 3383 tuta,
2263 3333 2385 3389 pro·

267 3392 432 3434 towns
455 3386 786 3449 disappeared
808 3402 926 3449 very
950 3387 1098 3449 early.
1378 3388 1537 3437 tected.
1561 3415 1629 3424 —
1653 3388 1890 3447 firmata,
1915 3392 2154 3440 manned.

339 3464 382 3499 2.
421 3452 597 3501 cit-car
634 3452 864 3515 properly
889 3456 902 3479 ‘
918 3468 983 3499 on
1004 3453 1127 3501 both
1145 3454 1278 3502 sides
1448 3465 1491 3518 5.
1517 3455 1638 3503 acie
1665 3455 1867 3504 vincit:
1894 3457 2121 3519 opposed
2143 3464 2195 3505 to
2215 3457 2386 3505 urbem

267 3517 353 3575 of,'
380 3518 469 3566 but
500 3518 619 3565 here
643 3533 697 3565 as
722 3518 871 3566 much
896 3533 950 3565 as
973 3518 1165 3577 besides,
1190 3519 1275 3567 be·
1378 3521 1531 3582 capit,
1569 3520 1774 3583 implied
1823 3522 1876 3569 in
1923 3522 2144 3585 praeda,
2194 3531 2287 3571 etc.
2321 3550 2388 3559 —

267 3599 420 3633 cause
452 3584 537 3632 the
573 3585 818 3633 Palatium
852 3585 894 3632 is
935 3586 1175 3634 excluded
1211 3586 1277 3649 by
1377 3595 1604 3651 potens,
1643 3588 1916 3643 enriched:
1964 3605 1994 3637 a
2040 3589 2207 3652 poetic
2243 3595 2386 3638 term.

266 3650 357 3699 the
381 3650 686 3714 description
715 3650 843 3699 from
877 3651 962 3699 the
995 3651 1121 3699 later
1156 3667 1275 3701 enu·
1376 3678 1443 3687 —
1461 3662 1584 3702 turn
1622 3668 1879 3716 quoque:
1921 3671 1975 3702 as
1998 3655 2109 3703 well
2145 3671 2199 3703 as
2227 3655 2278 3702 in
2301 3655 2388 3703 the

265 3715 532 3765 metation.
702 3732 713 3743 ·
1377 3718 1472 3767 last
1508 3720 1788 3783 campaign.
1813 3747 1881 3756 -
1911 3720 2264 3783 iungeretur:
2310 3722 2388 3769 i.e.

334 3796 382 3842 4.
443 3781 807 3833 Medulliam:
886 3781 948 3832 cf.
999 3782 1077 3844 38.
1125 3798 1171 3845 4.
1211 3810 1278 3821 —
1378 3785 1488 3832 that
1534 3785 1619 3832 the
1659 3785 1820 3846 valley
1856 3785 2084 3834 between
2126 3786 2286 3848 might
2323 3787 2390 3835 be

269 3848 453 3898 Marte
521 3848 734 3898 incerto
802 3849 958 3898 varia
1007 3848 1270 3899 victoria:
1378 3850 1559 3899 settled
1598 3851 1965 3915 continuously.
2000 3879 2067 3888 —
2104 3853 2408 3902 Murciaez-
