2792 4316
1322 279 1503 329 LIVY.
2416 279 2511 330 261

308 276 500 324 CflAps.
528 287 606 340 57,
634 275 712 340 58,
738 275 844 340 59.]

307 439 484 522 quod
518 439 661 502 sine
694 439 1070 505 tribuniciis
1101 440 1384 506 vinculis
1418 443 1586 507 erat.x
1674 444 1921 508 Odisse
1958 444 2219 526 plebem
2257 443 2406 526 plus
2455 470 2485 516 5

310 564 505 625 quam
539 552 818 625 paterno
849 544 1031 608 odio:
1074 544 1278 627 quid?
1322 564 1394 607 se
1420 544 1669 608 victum
1693 544 1776 607 ab
1802 564 1896 618 ea,
1926 564 1999 607 se
2032 545 2229 607 unico
2262 564 2410 607 con-

308 647 451 710 sule
505 646 724 710 electo
773 647 1092 710 adversus
1141 646 1568 710 tribuniciam
1622 656 2029 729 potestatem
2084 648 2408 729 perlatam

306 750 525 832 legem
572 770 741 826 esse,
778 771 973 834 quam
1021 750 1278 814 minore
1326 760 1571 815 conatu
1618 771 2035 833 nequaquam
2072 761 2265 816 tanta
2303 772 2411 834 pa·

305 864 484 918 trum
523 874 643 936 spe
684 855 938 937 priores
984 853 1432 936 impedierunt
1480 855 1832 918 consules?
1927 855 2116 920 Haec
2168 854 2265 919 ira
2317 855 2410 919 in·
2453 869 2485 915 6

305 958 739 1041 dignatioque
783 958 1077 1022 ferocem
1125 958 1421 1021 animum
1453 959 1536 1022 ad
1567 960 1940 1022 vexandum
1975 979 2175 1023 saevo
2208 960 2410 1042 impe·

307 1062 404 1126 rio
452 1047 814 1126 exercitum
862 1062 1268 1127 stimulabat.
1362 1062 1427 1126 N
1433 1082 1510 1126 ec
1556 1063 1690 1126 ulla
1719 1062 1785 1125 vi
1817 1063 2070 1127 domari
2104 1072 2406 1145 poterat:

305 1176 569 1230 tantum
617 1176 959 1231 certamen
1005 1166 1246 1229 animis
1293 1165 1712 1230 imbiberant.
1811 1166 2128 1250 Segniter
2172 1167 2403 1243 otiose,
2450 1193 2483 1239 7

306 1270 746 1353 neglegenter
775 1269 1261 1334 contumaciter
1291 1270 1516 1334 omnia
1548 1291 1764 1355 agere.
1862 1271 1926 1335 N
1932 1289 2008 1335 ec
2038 1272 2250 1354 pudor
2278 1291 2406 1335 nee

304 1385 527 1438 metus
559 1375 925 1439 coercebat.
1023 1373 1096 1438 Si
1128 1373 1326 1437 citius
1360 1373 1470 1456 agi
1500 1375 1704 1438 vellet
1735 1395 1997 1458 agmen,
2024 1376 2279 1439 tardius
2313 1395 2410 1439 se-

304 1478 461 1542 dulo
506 1477 857 1555 incedere;
902 1477 959 1541 si
1005 1478 1396 1542 adhortator
1438 1477 1659 1559 operis
1696 1480 1982 1555 adesset,
2019 1499 2253 1543 omnes
2286 1500 2408 1543 sua

305 1591 546 1664 sponte
594 1590 843 1644 motam
890 1581 1236 1644 remittere
1286 1581 1725 1659 industriam;
1790 1584 2128 1664 praesenti
2176 1583 2403 1648 vultus
2452 1595 2481 1640 8

304 1686 677 1761 demittere,
730 1685 939 1750 tacite
993 1694 1537 1767 praetereuntem
1593 1686 1940 1763 exsecrari,
1991 1697 2066 1751 ut
2116 1687 2407 1751 invictus

304 1791 416 1854 ille
468 1790 618 1853 odio
672 1789 931 1872 plebeio
991 1789 1256 1853 animus
1310 1788 1647 1853 interdum
1707 1801 2101 1855 moveretur.
2199 1791 2403 1856 Omni
2450 1815 2483 1860 9

304 1894 706 1978 nequiquam
753 1893 1118 1957 acerbitate
1163 1903 1474 1975 prompta
1519 1894 1685 1957 nihil
1732 1894 1862 1958 iam
1897 1916 2048 1959 cum
2081 1895 2405 1959 militibus

303 2019 520 2080 agere,
556 2019 596 2062 a
641 1997 1147 2062 centurionibus
1195 2007 1581 2081 corruptum
1623 2000 1989 2063 exercitum
2023 2000 2261 2075 dicere,
2297 1999 2409 2063 tri-

303 2105 518 2168 bunos
549 2102 771 2186 plebei
803 2102 1122 2167 cavillans
1155 2101 1494 2167 interdum
1528 2112 1597 2167 et
1628 2103 2004 2167 Volerones
2036 2124 2287 2169 vocare.

394 2208 578 2270 Nihil
605 2228 833 2271 eorum
858 2207 1090 2271 Volsci
1121 2207 1514 2271 nesciebant
1548 2208 2022 2290 instabantque
2053 2228 2133 2272 eo
2164 2209 2396 2291 magiS,
2430 2217 2509 2273 59

303 2321 654 2393 sperantes
705 2311 881 2374 idem
929 2320 1271 2375 certamen
1316 2313 1690 2376 animorum
1734 2313 2055 2398 adversus
2103 2311 2404 2394 Appium

302 2416 683 2479 habiturum
717 2415 1081 2479 exercitum
1124 2416 1525 2491 Romanum,
1560 2416 1735 2498 quod
1767 2417 2084 2480 adversus
2121 2416 2403 2481 Fabium

302 2519 645 2583 consulem
677 2520 1040 2583 habuisset.
1138 2519 1456 2583 Ceterum
1483 2519 1694 2583 multo
1722 2518 1949 2602 Appio
1970 2540 2166 2602 quam
2197 2521 2404 2585 Fabio
2450 2549 2480 2582 2

300 2622 654 2686 violentior
675 2623 804 2687 fuit
830 2646 844 2689 :
890 2644 1027 2686 non
1060 2624 1243 2688 enim
1262 2624 1533 2687 vincere
1556 2632 1822 2687 tantum
1857 2623 2086 2699 noluit,
2112 2632 2185 2687 ut
2214 2625 2269 2687 F
2272 2624 2407 2689 abi·

1401 2841 1619 2892 victus:
1662 2840 1723 2889 cf.
1750 2841 2089 2904 contemptius,
2116 2852 2193 2906 55.
2219 2854 2249 2904 3
2266 2858 2317 2891 n.
2340 2870 2409 2881 —-

1401 2907 1563 2955 odio:
1604 2906 1819 2955 ablative
1855 2906 1914 2955 of
1942 2914 2138 2970 respect
2168 2908 2289 2956 with
2324 2908 2405 2957 in-

300 2853 462 2890 esse:
510 2856 541 2889 a
573 2839 742 2888 rather
768 2838 921 2929 harsh
948 2839 1239 2888 historical
1225 2856 1299 2888 m-

300 2905 504 2955 finitive.

369 2983 414 3036 5.
450 2972 660 3030 odisse,
692 2970 754 3019 he
788 2970 985 3019 shewed
1012 2971 1092 3018 his
1121 2970 1308 3019 hatred

298 3036 963 3164 &hssqss'ssdfioffiaffig
995 3051 1147 3150 5215.
1157 3037 1300 3164 ζ’ῑέἷῑ

300 3167 451 3216 much
496 3167 673 3226 better,
698 3169 787 3217 but
832 3183 946 3230 may
977 3168 1046 3216 be
1082 3167 1299 3229 justified

299 3235 366 3297 by
411 3233 576 3296 Livy’s
632 3233 896 3283 rhetorical
946 3236 1210 3296 tendency.
1233 3261 1301 3271 -—

300 3300 497 3350 unico:
539 3301 616 3348 i.e.
640 3316 694 3348 as
720 3301 806 3348 the
830 3316 928 3348 one
952 3300 1123 3349 consul
1148 3301 1300 3364 likely

298 3373 353 3415 to
387 3366 694 3430 accomplish
729 3367 817 3416 the
853 3382 1070 3431 purpose
1116 3368 1173 3416 of
1213 3368 1299 3416 the

297 3433 608 3495 aristocracy.

365 3498 412 3548 6.
451 3514 574 3557 nec,
598 3500 714 3548 and
726 3505 816 3562 yet
834 3535 846 3548 .
873 3536 885 3548 .
911 3536 922 3548 .
951 3507 1046 3547 not.
1065 3527 1128 3536 —
1149 3509 1304 3563 pote·

297 3572 411 3613 rat:
459 3579 523 3613 sc.
563 3568 826 3614 exercitus.
842 3592 909 3601 —
933 3565 1299 3615 imbiberant:

296 3645 360 3680 sc.
385 3629 471 3678 the
496 3646 730 3679 common
752 3630 975 3680 soldiers.

400 3731 412 3744 .
448 3697 704 3747 adesset.
742 3712 828 3745 see
853 3697 938 3745 Gr.
965 3709 1076 3759 309.
1101 3697 1142 3746 b.

400 3761 641 3812 ‚taeitez
678 3762 800 3811 with
831 3763 1121 3812 exsecrari.
1138 3763 1299 3812 -in·

1401 2972 1603 3021 victus.
1621 2973 1951 3036 —plebeioz
1991 2988 2075 3021 see
2100 2973 2184 3021 Gr.
2219 2986 2330 3037 217.
2355 2990 2404 3024 a.

1468 3051 1515 3097 9.
1551 3047 1828 3102 prompta,
1848 3046 1974 3087 etc.:
2015 3040 2088 3087 i.e.
2115 3039 2303 3101 having
2325 3056 2406 3088 ex·

1403 3103 1616 3151 hausted
1653 3104 1730 3152 his
1764 3120 1937 3152 means
1973 3105 2031 3152 os
2069 3106 2317 3163 coercion,
2340 3105 2406 3153 he

1402 3183 1529 3230 gave
1570 3184 1637 3232 up
1685 3170 1889 3231 dealing
1922 3170 2040 3217 with
2076 3171 2161 3218 the
2197 3170 2407 3219 soldiers

1403 3235 1718 3285 themselves.
1741 3261 1810 3272 -
1832 3235 2121 3294 cavillans,
2156 3236 2214 3284 in
2259 3236 2407 3284 bitter

1407 3300 1518 3366 jest.

1548 3418 1773 3467 Succnss
1806 3429 1875 3466 or·-
1906 3430 2017 3467 ΤΗΕ
2049 3418 2262 3466 VoLsc1.

1472 3498 1570 3554 59.
1610 3501 1880 3549 Fabium:
1920 3500 1981 3549 cf.
2005 3512 2085 3562 43.
2111 3500 2157 3550 6.

1473 3579 1519 3614 2.
1554 3567 1766 3630 Appio:
1822 3566 1908 3614 the
1954 3566 2119 3614 dative
2165 3566 2206 3614 is
2260 3582 2403 3616 occa·

1404 3632 1581 3681 sioned
1617 3633 1682 3695 by
1704 3632 1791 3680 the
1831 3632 1945 3680 idea
1984 3631 2211 3695 ‘Appius
2247 3632 2405 3681 found

1404 3698 1482 3746 his
1506 3713 1644 3758 army
1663 3712 1803 3745 more
1826 3696 2015 3745 violent
2042 3697 2164 3745 than
2190 3697 2231 3745 F
2230 3697 2403 3756 abins,’

1403 3778 1460 3812 so
1497 3763 1606 3812 that
1643 3763 1731 3812 the
1769 3777 1883 3811 case
1920 3763 2043 3811 does
2078 3769 2168 3811 not
2202 3761 2405 3827 depend
