2792 4316
283 290 485 340 Cfflu’s.
514 302 594 352 23,
621 288 730 354 24]
1310 270 1492 341 1:le.
2436 290 2502 344 63

281 462 430 518 tum
462 454 559 517 illi
589 464 782 530 terra,
810 435 1167 536 plurimum
1199 448 1366 518 mari
1396 450 1667 538 pollent.
1767 453 2029 519 Memor
2059 464 2224 532 esto,
2260 454 2390 519 iam
2441 478 2472 523 9

282 579 438 621 cum
494 555 759 640 signum
812 578 1079 641 pugnae
1132 556 1340 634 dabis,
1394 549 1516 622 h'as
1570 559 1735 622 duas
1784 559 1962 623 acies
2013 559 2396 641 spectaculo

281 661 447 739 fore,
497 672 571 725 ut
615 656 833 726 fessos
881 662 1358 746 confectdsque
1405 659 1604 726 simul
1650 662 1974 726 victorem
2019 684 2097 727 ac
2142 664 2394 727 victum

283 766 775 848 adgrediantur.
889 751 1127 849 ltaque
1181 764 1238 829 si
1289 764 1413 829 'rios
1468 750 1535 829 di
1590 768 1836 842 ar'rlant,
1894 766 2205 849 quoniam
2260 788 2395 831 non

283 867 590 934 contenti
645 869 955 934 libertate
1008 874 1191 934 certa
1243 870 1312 933 in
1365 870 1636 934 dubiam
1691 870 1950 952 imperii
2006 871 2395 954 servitiique

283 975 498 1038 aleam
545 974 737 1050 imuS,
772 974 1073 1037 ineamus
1121 973 1408 1057 aliquam
1456 974 1630 1038 viani
1664 995 1794 1056 qua
1825 974 1957 1037 utri
1989 974 2157 1038 utris
2196 975 2397 1057 impe·

284 1087 454 1154 rent,
490 1078 635 1141 sine
680 1099 926 1160 magna
970 1078 1175 1153 clade,
1220 1078 1367 1141 sine
1415 1078 1627 1142 multo
1674 1078 2000 1180 sanguine
2048 1077 2415 1162 'utriusque

283 1173 512 1264 populi
544 1168 813 1245 decerni
844 1165 1098 1264 possit.
1196 1159 1402 1245 Haud
1433 1181 1740 1263 displicet
1778 1187 1886 1246 res
1919 1181 2134 1257 Tulle,
2171 1203 2500 1265 quam-10

284 1299 484 1369 quam
531 1298 683 1349 cum
731 1285 953 1349 indole
988 1268 1192 1349 animi
1235 1294 1379 1349 tum
1416 1305 1534 1367 spe
1565 1282 1885 1349 victoriae
1915 1283 2200 1349 ferocior
2230 1296 2390 1351 erat.

287 1390 785 1472 Quaerentibus
834 1389 1167 1473 utrimque
1212 1389 1379 1453 ratio
1425 1387 1653 1465 initur}
1687 1388 1796 1453 cui
1839 1398 1907 1453 et
1948 1388 2218 1453 fortuna
2253 1390 2397 1472 ipsa

283 1493 591 1575 praebuit
624 1490 990 1558 materiam.
1485 1577 1491 1582 ὓ

377 1591 582 1660 Forte
624 1597 693 1660 in
734 1598 996 1661 duobus
1042 1606 1185 1661 tum
1226 1595 1628 1662 exercitibus
1672 1593 1860 1661 erarit
1895 1580 2233 1681 trig'e'mini
2265 1598 2388 1662 fra-
2420 1608 2498 1664 24

282 1711 425 1764 tres
480 1714 603 1765 nec
651 1711 873 1765 aetate
922 1712 1047 1765 nec
1091 1702 1345 1765 viribus
1390 1698 1731 1801 dispares}
1795 1701 2115 1765 Horatios
2164 1701 2389 1765 Curia-

281 1806 549 1889 tiosque
590 1797 799 1869 fuisse
843 1792 1006 1869 satis
1053 1814 1338 1881 constat,
1368 1811 1494 1869 riec
1539 1804 1751 1869 ferme
1798 1826 1904 1869 res
1951 1805 2227 1889 antiqua
2271 1806 2396 1869 alia

282 1917 390 1972 est
416 1910 738 1987 nobilior3
770 1920 998 1973 tamen
1025 1910 1092 1973 in
1114 1930 1184 1973 re
1205 1919 1342 1973 tam
1369 1910 1546 1973 clara
1569 1910 1915 1973 nominum
1941 1912 2123 1973 error
2146 1919 2390 1986 manet,

282 2014 499 2078 utrius
530 2015 758 2096 populi
793 2014 1078 2089 Horatii,
1113 2014 1326 2077 utrius
1362 2007 1644 2078 Curiatii
1690 2014 1960 2078 fuerint.
2056 1999 2393 2077 Auctores

283 2128 567 2205 utroque
619 2119 937 2183 trahunt:
998 2108 1221 2201 plures
1276 2114 1506 2182 'tamen
1567 2116 1834 2182 invenio
1881 2115 1994 2202 qui
2052 2105 2394 2182 Romanos

286 2221 612 2286 Horatios
643 2233 886 2287 vocent
913 2244 928 2299 3
975 2224 1098 2286 hos
1131 2231 1205 2285 ut
1240 2229 1481 2306 sequar
1511 2217 1788 2286 inclinat
1820 2223 2105 2285 animus.

374 2327 546 2391 Cum
580 2327 953 2410 trigeminis
985 2336 1193 2409 agunt
1226 2343 1421 2409 reges
1464 2336 1537 2390 ut
1570 2338 1689 2408 pro
1722 2346 1844 2390 sua
1866 2322 2146 2408 quisque
2176 2326 2391 2407 patria
2441 2351 2470 2383 2

283 2431 602 2496 dimicent
634 2429 850 2495 ferro:
898 2426 989 2494 ibi
1035 2425 1387 2512 imperium
1434 2430 1579 2493 fore
1626 2430 1804 2492 unde
1848 2428 2126 2492 'victoria
2171 2428 2388 2493 fuerit.

285 2535 475 2598 Nihil
516 2544 877 2610 recusatur,
916 2545 1182 2616 tempus
1225 2544 1293 2598 et
1334 2533 1522 2597 locus
1572 2527 1901 2597 convenit.
2000 2532 2389 2615 Priusquam
2438 2557 2470 2602 3

281 2638 694 2715 dimicarent,
751 2637 988 2702 foedus
1050 2637 1257 2701 ictum
1319 2637 1497 2701 inter
1552 2638 1895 2701 Romanos
1958 2643 2027 2700 et
2088 2623 2394 2701 Albanos

282 2752 388 2807 est
448 2742 553 2806 his
613 2742 895 2825 legibus,
946 2751 1037 2817 ut,
1090 2741 1473 2825 cuius[que]
1537 2736 1764 2823 populi
1819 2740 1999 2804 cives
2054 2754 2134 2804 eo
2189 2751 2396 2805 certa·

280 2941 441 3004 sizing
474 2949 553 2999 te3
597 2940 674 2990 i.e.
703 2955 803 3002 you
836 2956 976 2989 more
1010 2941 1134 2989 than
1168 2954 1286 3002 any·
1467 2924 1591 2978 THE
1626 2919 1863 2977 nomm
1897 2926 2012 2976 ΛΝΒ
2047 2921 2311 2978 CURIATH·

279 3007 669 3068 body.—tetra‚
689 3006 858 3054 mari:
887 3006 1017 3054 asin
1041 3006 1126 3054 the
1151 3021 1203 3053 re
1241 3018 1288 3054 u·
1457 3001 1556 3058 24.
1605 2996 1860 3054 duobus:
1923 3005 2000 3053 iae.
2053 3004 2106 3052 in
2163 3005 2287 3053 each
2345 3004 2403 3054 of

278 3072 355 3121 lar
376 3078 518 3120 terra
542 3072 814 3135 marique,·
837 3086 921 3120 see
941 3070 1026 3121 Gr.
1059 3070 1170 3135 258.
1225 3108 1237 3120 .
1390 3071 1477 3120 the
1513 3077 1751 3128 tw0,—⁴a
1785 3082 1931 3118 sense
1969 3069 2133 3118 which
2172 3070 2213 3118 is
2248 3070 2397 3133 given

347 3151 395 3200 9.
431 3151 652 3186 memor
691 3146 840 3187 esto:
873 3144 962 3185 not
1002 3136 1188 3199 merely
1210 3151 1288 3185 re·
1390 3137 1456 3198 by
1492 3136 1578 3184 the
1618 3135 1884 3198 emphasis,
1902 3135 2267 3199 —disparesz
2319 3138 2394 3185 i.e.

280 3203 513 3261 member,
530 3203 618 3251 but
626 3218 732 3265 you
746 3210 882 3250 must
892 3203 1012 3250 bear
1028 3203 1088 3250 in
1103 3203 1259 3250 mind
1263 3218 1286 3259 ,·
1390 3202 1478 3250 the
1502 3208 1600 3250 two
1622 3209 1739 3249 sets.
1757 3227 1824 3236 —
1842 3202 2110 3250 nobilior:
2142 3203 2218 3250 i.e.
2236 3202 2399 3251 better

279 3270 442 3320 hence
472 3269 559 3317 the
584 3268 747 3317 future
771 3268 1076 3332 imperative.
1091 3294 1157 3304 -
1173 3269 1286 3317 iam
1388 3268 1672 3317 known.—
1687 3277 1772 3316 re:
1813 3267 1979 3315 notice
2018 3267 2103 3316 the
2138 3268 2399 3317 antithesis

279 3350 430 3393 eum,
439 3336 560 3401 just
571 3352 630 3383 as
644 3352 759 3384 soon
783 3351 853 3383 as.
870 3335 1286 3400 —spectaculm
1389 3341 1443 3383 to
1461 3335 1777 3384 nominum.
1792 3345 2037 3394 —error‚
2061 3337 2398 3397 uncertainty.

280 3409 406 3452 etc.:
456 3403 543 3451 the
578 3403 680 3451 real
712 3403 928 3465 thought
961 3402 1017 3461 is,
1041 3403 1149 3465 they
1181 3401 1295 3450 will
1457 3414 1502 3451 2.
1539 3414 1670 3451 cum
1707 3436 1719 3451 .
1757 3438 1770 3451 .
1807 3438 1818 3452 .
1855 3406 2060 3465 agunt:
2100 3401 2152 3449 in
2177 3401 2239 3450 its
2262 3415 2398 3448 com·

280 3470 336 3517 be
351 3470 686 3518 onthewatch
702 3478 764 3529 to,
789 3477 883 3519 etc.
895 3494 960 3505 -·-
977 3470 1283 3533 imperent.
1389 3484 1511 3517 mon
1572 3483 1717 3517 sense
1781 3468 1840 3516 of
1890 3468 2032 3517 ‘deal
2079 3467 2230 3524 with,’
2277 3481 2400 3527 urge

280 3543 371 3585 not
404 3536 523 3599 only
545 3552 612 3585 an
639 3536 853 3586 indirect
875 3536 1122 3600 question,
1147 3536 1235 3583 but
1257 3550 1288 3584 a
1392 3541 1541 3597 upon.
1554 3529 1811 3584 —undez
1841 3524 1943 3583 like
1975 3542 2008 3581 u
2040 3532 2211 3581 dextro
2237 3547 2398 3579 cornu

281 3603 606 3652 deliberative
630 3618 752 3661 one;
800 3618 885 3652 see
909 3601 994 3651 Gr.
1030 3614 1140 3664 334.
1164 3601 1207 3650 b.
1221 3628 1290 3638 —
1389 3601 1491 3650 and
1515 3600 1601 3649 the
1626 3601 1742 3649 like.

276 3663 522 3732 mhgna.
567 3669 601 3717 i.
606 3685 645 3716 e.
681 3668 891 3717 without
915 3668 1002 3717 the
1024 3674 1167 3730 great
1188 3665 1289 3716 losa
1457 3679 1502 3729 3
1536 3665 1898 3716 dimicarent.
1938 3664 2014 3712 fot·
2030 3663 2181 3712 mood
2206 3677 2292 3710 see
2310 3660 2395 3712 Gr.

280 3734 392 3783 that
409 3734 506 3782 will
529 3735 594 3782 be
618 3734 847 3783 incurred
874 3733 916 3781 if
932 3749 1005 3781 we
1032 3733 1172 3794 fight.
1391 3744 1504 3808 327.
1523 3758 1587 3768 —
1610 3729 1979 3793 cuius[qud].
2024 3728 2067 3776 if
2100 3743 2211 3790 que
2247 3727 2288 3775 is
2322 3743 2396 3775 re·

353 3798 986 3851 10.fortuna=cf.forte
1009 3798 1187 3851 belown
1390 3796 1577 3857 tained,
1601 3797 1688 3845 the
1726 3811 1813 3844 use
1847 3795 1906 3844 of
1945 3796 2153 3858 quisque
2182 3793 2259 3842 for
2283 3794 2396 3858 qui-
