<?xml version="1.0" encoding="UTF-8"?>
<!DOCTYPE html PUBLIC "-//W3C//DTD XHTML 1.0 Transitional//EN"
    "http://www.w3.org/TR/xhtml1/DTD/xhtml1-transitional.dtd">
<html xmlns="http://www.w3.org/1999/xhtml" xml:lang="en" lang="en">
 <head>
  <title>
</title>
<meta http-equiv="Content-Type" content="text/html;charset=utf-8" />
  <meta name='ocr-system' content='tesseract 3.04.00' />
  <meta name='ocr-capabilities' content='ocr_page ocr_carea ocr_par ocr_line ocrx_word'/>
</head>
<body>
  <div class='ocr_page' id='page_1' title='image "./livybook00livygoog_0288.png"; bbox 0 0 2792 4316; ppageno 0'>
   <div class='ocr_carea' id='block_1_1' title="bbox 311 303 2519 371">
    <p class='ocr_par' dir='ltr' id='par_1_1' title="bbox 311 303 2519 371">
     <span class='ocr_line' id='line_1_1' title="bbox 311 303 2519 371; baseline 0.001 -17"><span class='ocrx_word' id='word_1_1' title='bbox 311 303 410 354; x_wconf 87' lang='lat'>266</span> <span class='ocrx_word' id='word_1_2' title='bbox 1328 306 1511 355; x_wconf 72' lang='lat' dir='ltr'>L1vv.</span> <span class='ocrx_word' id='word_1_3' title='bbox 2236 307 2422 371; x_wconf 84' lang='lat' dir='ltr'>[BOOK</span> <span class='ocrx_word' id='word_1_4' title='bbox 2447 308 2519 359; x_wconf 91' lang='lat'>11.</span> 
     </span>
    </p>
   </div>
   <div class='ocr_carea' id='block_1_2' title="bbox 321 467 2533 3148">
    <p class='ocr_par' dir='ltr' id='par_1_2' title="bbox 339 467 2533 864">
     <span class='ocr_line' id='line_1_2' title="bbox 339 467 2517 554; baseline 0 -20"><span class='ocrx_word' id='word_1_5' title='bbox 339 491 369 534; x_wconf 90' lang='lat'>7</span> <span class='ocrx_word' id='word_1_6' title='bbox 417 487 612 551; x_wconf 92' lang='lat' dir='ltr'>quam</span> <span class='ocrx_word' id='word_1_7' title='bbox 669 467 1007 533; x_wconf 90' lang='lat' dir='ltr'>consulem</span> <span class='ocrx_word' id='word_1_8' title='bbox 1069 468 1402 534; x_wconf 82' lang='lat' dir='ltr'><strong>timuerat.</strong></span> <span class='ocrx_word' id='word_1_9' title='bbox 1519 468 1745 535; x_wconf 88' lang='lat' dir='ltr'>Semel</span> <span class='ocrx_word' id='word_1_10' title='bbox 1808 490 2075 535; x_wconf 90' lang='lat' dir='ltr'>causam</span> <span class='ocrx_word' id='word_1_11' title='bbox 2137 470 2318 547; x_wconf 87' lang='lat' dir='ltr'>dixit,</span> <span class='ocrx_word' id='word_1_12' title='bbox 2384 493 2517 554; x_wconf 93' lang='lat' dir='ltr'>quo</span> 
     </span>
     <span class='ocr_line' id='line_1_3' title="bbox 415 563 2533 656; baseline 0.002 -23"><span class='ocrx_word' id='word_1_13' title='bbox 415 591 682 653; x_wconf 86' lang='lat' dir='ltr'>semper</span> <span class='ocrx_word' id='word_1_14' title='bbox 734 592 932 654; x_wconf 89' lang='lat' dir='ltr'>agere</span> <span class='ocrx_word' id='word_1_15' title='bbox 984 573 1209 637; x_wconf 90' lang='lat' dir='ltr'>omnia</span> <span class='ocrx_word' id='word_1_16' title='bbox 1257 574 1494 637; x_wconf 90' lang='lat' dir='ltr'>solitus</span> <span class='ocrx_word' id='word_1_17' title='bbox 1548 583 1709 649; x_wconf 89' lang='lat' dir='ltr'>erat,</span> <span class='ocrx_word' id='word_1_18' title='bbox 1761 574 2174 637; x_wconf 90' lang='lat' dir='ltr'>accusatorio</span> <span class='ocrx_word' id='word_1_19' title='bbox 2236 575 2476 656; x_wconf 79' lang='lat' dir='ltr'>spiritu</span> <span class='ocrx_word' id='word_1_20' title='bbox 2501 563 2533 652; x_wconf 61' lang='grc' dir='ltr'>;ι</span> 
     </span>
     <span class='ocr_line' id='line_1_4' title="bbox 414 676 2520 760; baseline 0.001 -23"><span class='ocrx_word' id='word_1_21' title='bbox 414 676 712 759; x_wconf 86' lang='lat' dir='ltr'>adeoque</span> <span class='ocrx_word' id='word_1_22' title='bbox 757 677 1138 740; x_wconf 91' lang='lat' dir='ltr'>constantia</span> <span class='ocrx_word' id='word_1_23' title='bbox 1183 697 1303 740; x_wconf 91' lang='lat' dir='ltr'>sua</span> <span class='ocrx_word' id='word_1_24' title='bbox 1348 685 1417 741; x_wconf 90' lang='lat' dir='ltr'>et</span> <span class='ocrx_word' id='word_1_25' title='bbox 1463 678 1768 751; x_wconf 79' lang='lat' dir='ltr'>tribunos</span> <span class='ocrx_word' id='word_1_26' title='bbox 1800 677 2248 759; x_wconf 84' lang='lat' dir='ltr'>obstupefecit</span> <span class='ocrx_word' id='word_1_27' title='bbox 2281 688 2350 741; x_wconf 91' lang='lat' dir='ltr'>et</span> <span class='ocrx_word' id='word_1_28' title='bbox 2384 680 2520 760; x_wconf 90' lang='lat' dir='ltr'>ple-</span> 
     </span>
     <span class='ocr_line' id='line_1_5' title="bbox 413 779 2522 864; baseline 0.001 -22"><span class='ocrx_word' id='word_1_29' title='bbox 413 780 586 855; x_wconf 88' lang='lat' dir='ltr'>bem,</span> <span class='ocrx_word' id='word_1_30' title='bbox 622 789 697 842; x_wconf 91' lang='lat' dir='ltr'>ut</span> <span class='ocrx_word' id='word_1_31' title='bbox 747 779 926 843; x_wconf 90' lang='lat' dir='ltr'>diem</span> <span class='ocrx_word' id='word_1_32' title='bbox 977 780 1104 862; x_wconf 90' lang='lat' dir='ltr'>ipsi</span> <span class='ocrx_word' id='word_1_33' title='bbox 1154 801 1275 864; x_wconf 84' lang='lat' dir='ltr'>sua</span> <span class='ocrx_word' id='word_1_34' title='bbox 1321 780 1671 844; x_wconf 89' lang='lat' dir='ltr'>voluntate</span> <span class='ocrx_word' id='word_1_35' title='bbox 1712 781 2154 863; x_wconf 85' lang='lat' dir='ltr'>prodicerent,</span> <span class='ocrx_word' id='word_1_36' title='bbox 2189 781 2362 845; x_wconf 91' lang='lat' dir='ltr'>trahi</span> <span class='ocrx_word' id='word_1_37' title='bbox 2409 784 2522 844; x_wconf 93' lang='lat' dir='ltr'>de-</span> 
     </span>
    </p>

    <p class='ocr_par' dir='ltr' id='par_1_3' title="bbox 340 883 2519 1072">
     <span class='ocr_line' id='line_1_6' title="bbox 340 883 2518 975; baseline 0.002 -30"><span class='ocrx_word' id='word_1_38' title='bbox 340 894 368 937; x_wconf 87' lang='lat'><em>8</em></span> <span class='ocrx_word' id='word_1_39' title='bbox 417 883 571 946; x_wconf 91' lang='lat' dir='ltr'>inde</span> <span class='ocrx_word' id='word_1_40' title='bbox 614 903 756 947; x_wconf 88' lang='lat' dir='ltr'>rem</span> <span class='ocrx_word' id='word_1_41' title='bbox 804 884 1116 949; x_wconf 88' lang='lat' dir='ltr'>sinerent.</span> <span class='ocrx_word' id='word_1_42' title='bbox 1216 885 1420 948; x_wconf 88' lang='lat' dir='ltr'>Haud</span> <span class='ocrx_word' id='word_1_43' title='bbox 1453 884 1546 947; x_wconf 91' lang='lat' dir='ltr'>ita</span> <span class='ocrx_word' id='word_1_44' title='bbox 1578 884 1861 948; x_wconf 91' lang='lat' dir='ltr'>multum</span> <span class='ocrx_word' id='word_1_45' title='bbox 1893 884 2158 948; x_wconf 87' lang='lat' dir='ltr'>interim</span> <span class='ocrx_word' id='word_1_46' title='bbox 2192 886 2518 975; x_wconf 78' lang='lat' dir='ltr'>temporis</span> 
     </span>
     <span class='ocr_line' id='line_1_7' title="bbox 411 986 2519 1072; baseline 0.001 -23"><span class='ocrx_word' id='word_1_47' title='bbox 411 986 581 1064; x_wconf 90' lang='lat' dir='ltr'>fuit;</span> <span class='ocrx_word' id='word_1_48' title='bbox 642 996 800 1051; x_wconf 89' lang='lat' dir='ltr'>ante</span> <span class='ocrx_word' id='word_1_49' title='bbox 860 997 1087 1052; x_wconf 90' lang='lat' dir='ltr'>tamen</span> <span class='ocrx_word' id='word_1_50' title='bbox 1141 1009 1340 1072; x_wconf 91' lang='lat' dir='ltr'>quam</span> <span class='ocrx_word' id='word_1_51' title='bbox 1403 988 1706 1070; x_wconf 89' lang='lat' dir='ltr'>prodicta</span> <span class='ocrx_word' id='word_1_52' title='bbox 1764 988 1908 1051; x_wconf 91' lang='lat' dir='ltr'>dies</span> <span class='ocrx_word' id='word_1_53' title='bbox 1961 989 2221 1052; x_wconf 90' lang='lat' dir='ltr'>veniret</span> <span class='ocrx_word' id='word_1_54' title='bbox 2283 991 2519 1054; x_wconf 90' lang='lat' dir='ltr'>morbo</span> 
     </span>
    </p>

    <p class='ocr_par' dir='ltr' id='par_1_4' title="bbox 340 1091 2522 1590">
     <span class='ocr_line' id='line_1_8' title="bbox 340 1091 2522 1175; baseline -0.001 -17"><span class='ocrx_word' id='word_1_55' title='bbox 340 1115 370 1158; x_wconf 90' lang='lat'><strong>9</strong></span> <span class='ocrx_word' id='word_1_56' title='bbox 415 1091 715 1155; x_wconf 88' lang='lat' dir='ltr'>moritur.</span> <span class='ocrx_word' id='word_1_57' title='bbox 814 1091 1022 1156; x_wconf 89' lang='lat' dir='ltr'>Cuius</span> <span class='ocrx_word' id='word_1_58' title='bbox 1072 1113 1224 1156; x_wconf 92' lang='lat' dir='ltr'>cum</span> <span class='ocrx_word' id='word_1_59' title='bbox 1271 1092 1723 1156; x_wconf 82' lang='lat' dir='ltr'>laudationem</span> <span class='ocrx_word' id='word_1_60' title='bbox 1771 1092 2024 1156; x_wconf 92' lang='lat' dir='ltr'>tribuni</span> <span class='ocrx_word' id='word_1_61' title='bbox 2066 1092 2280 1175; x_wconf 90' lang='lat' dir='ltr'>plebis</span> <span class='ocrx_word' id='word_1_62' title='bbox 2313 1093 2522 1175; x_wconf 92' lang='lat' dir='ltr'>impe-</span> 
     </span>
     <span class='ocr_line' id='line_1_9' title="bbox 412 1193 2522 1278; baseline 0.001 -21"><span class='ocrx_word' id='word_1_63' title='bbox 412 1193 553 1258; x_wconf 89' lang='lat' dir='ltr'>dire</span> <span class='ocrx_word' id='word_1_64' title='bbox 611 1204 1031 1269; x_wconf 88' lang='lat' dir='ltr'>conarentur,</span> <span class='ocrx_word' id='word_1_65' title='bbox 1065 1194 1255 1278; x_wconf 88' lang='lat' dir='ltr'>plebs</span> <span class='ocrx_word' id='word_1_66' title='bbox 1304 1195 1597 1259; x_wconf 89' lang='lat' dir='ltr'>fraudari</span> <span class='ocrx_word' id='word_1_67' title='bbox 1644 1195 1951 1259; x_wconf 90' lang='lat' dir='ltr'>sollemni</span> <span class='ocrx_word' id='word_1_68' title='bbox 1995 1196 2248 1258; x_wconf 90' lang='lat' dir='ltr'>honore</span> <span class='ocrx_word' id='word_1_69' title='bbox 2293 1216 2522 1278; x_wconf 92' lang='lat' dir='ltr'>supre-</span> 
     </span>
     <span class='ocr_line' id='line_1_10' title="bbox 413 1298 2517 1384; baseline 0.001 -23"><span class='ocrx_word' id='word_1_70' title='bbox 413 1319 595 1362; x_wconf 89' lang='lat' dir='ltr'>mum</span> <span class='ocrx_word' id='word_1_71' title='bbox 640 1299 815 1362; x_wconf 91' lang='lat' dir='ltr'>diem</span> <span class='ocrx_word' id='word_1_72' title='bbox 866 1298 1040 1363; x_wconf 91' lang='lat' dir='ltr'>tanti</span> <span class='ocrx_word' id='word_1_73' title='bbox 1082 1298 1205 1362; x_wconf 86' lang='lat' dir='ltr'>viri</span> <span class='ocrx_word' id='word_1_74' title='bbox 1251 1298 1487 1375; x_wconf 89' lang='lat' dir='ltr'>noluit,</span> <span class='ocrx_word' id='word_1_75' title='bbox 1521 1309 1589 1363; x_wconf 91' lang='lat' dir='ltr'>et</span> <span class='ocrx_word' id='word_1_76' title='bbox 1634 1298 2083 1363; x_wconf 91' lang='lat' dir='ltr'>laudationem</span> <span class='ocrx_word' id='word_1_77' title='bbox 2116 1308 2254 1362; x_wconf 91' lang='lat' dir='ltr'>tarn</span> <span class='ocrx_word' id='word_1_78' title='bbox 2285 1301 2517 1384; x_wconf 88' lang='lat' dir='ltr'>aequis</span> 
     </span>
     <span class='ocr_line' id='line_1_11' title="bbox 412 1401 2520 1487; baseline 0 -21"><span class='ocrx_word' id='word_1_79' title='bbox 412 1402 683 1466; x_wconf 87' lang='lat' dir='ltr'>auribus</span> <span class='ocrx_word' id='word_1_80' title='bbox 746 1401 996 1466; x_wconf 89' lang='lat' dir='ltr'>mortui</span> <span class='ocrx_word' id='word_1_81' title='bbox 1045 1402 1298 1466; x_wconf 87' lang='lat' dir='ltr'>audivit</span> <span class='ocrx_word' id='word_1_82' title='bbox 1350 1423 1550 1487; x_wconf 89' lang='lat' dir='ltr'>quarn</span> <span class='ocrx_word' id='word_1_83' title='bbox 1604 1402 1736 1467; x_wconf 88' lang='lat' dir='ltr'>vivi</span> <span class='ocrx_word' id='word_1_84' title='bbox 1788 1403 2284 1467; x_wconf 87' lang='lat' dir='ltr'>accusationem</span> <span class='ocrx_word' id='word_1_85' title='bbox 2337 1404 2520 1467; x_wconf 87' lang='lat' dir='ltr'>audi-</span> 
     </span>
     <span class='ocr_line' id='line_1_12' title="bbox 412 1506 1812 1590; baseline 0.001 -21"><span class='ocrx_word' id='word_1_86' title='bbox 412 1516 573 1583; x_wconf 88' lang='lat' dir='ltr'>erat,</span> <span class='ocrx_word' id='word_1_87' title='bbox 608 1516 675 1570; x_wconf 92' lang='lat' dir='ltr'>et</span> <span class='ocrx_word' id='word_1_88' title='bbox 708 1506 1056 1590; x_wconf 87' lang='lat' dir='ltr'>exsequias</span> <span class='ocrx_word' id='word_1_89' title='bbox 1086 1506 1405 1589; x_wconf 88' lang='lat' dir='ltr'>frequens</span> <span class='ocrx_word' id='word_1_90' title='bbox 1438 1507 1812 1572; x_wconf 87' lang='lat' dir='ltr'>celebravit.</span> 
     </span>
    </p>

    <p class='ocr_par' dir='ltr' id='par_1_5' title="bbox 321 1610 2518 1901">
     <span class='ocr_line' id='line_1_13' title="bbox 321 1610 2517 1695; baseline 0.001 -22"><span class='ocrx_word' id='word_1_91' title='bbox 321 1616 398 1673; x_wconf 77' lang='lat'>62</span> <span class='ocrx_word' id='word_1_92' title='bbox 508 1612 766 1674; x_wconf 90' lang='lat' dir='ltr'>Eodem</span> <span class='ocrx_word' id='word_1_93' title='bbox 799 1630 977 1674; x_wconf 92' lang='lat' dir='ltr'>anno</span> <span class='ocrx_word' id='word_1_94' title='bbox 1006 1610 1319 1675; x_wconf 85' lang='lat' dir='ltr'>Valerius</span> <span class='ocrx_word' id='word_1_95' title='bbox 1352 1610 1585 1675; x_wconf 92' lang='lat' dir='ltr'>consul</span> <span class='ocrx_word' id='word_1_96' title='bbox 1619 1632 1771 1675; x_wconf 91' lang='lat' dir='ltr'>cum</span> <span class='ocrx_word' id='word_1_97' title='bbox 1804 1611 2102 1675; x_wconf 88' lang='lat' dir='ltr'>exercitu</span> <span class='ocrx_word' id='word_1_98' title='bbox 2134 1611 2203 1674; x_wconf 91' lang='lat' dir='ltr'>in</span> <span class='ocrx_word' id='word_1_99' title='bbox 2235 1610 2517 1695; x_wconf 92' lang='lat' dir='ltr'>Aequos</span> 
     </span>
     <span class='ocr_line' id='line_1_14' title="bbox 413 1714 2511 1800; baseline -0 -21"><span class='ocrx_word' id='word_1_100' title='bbox 413 1715 754 1800; x_wconf 91' lang='lat' dir='ltr'>profectus</span> <span class='ocrx_word' id='word_1_101' title='bbox 804 1735 956 1779; x_wconf 90' lang='lat' dir='ltr'>cum</span> <span class='ocrx_word' id='word_1_102' title='bbox 1002 1715 1266 1779; x_wconf 88' lang='lat' dir='ltr'>hostem</span> <span class='ocrx_word' id='word_1_103' title='bbox 1314 1715 1401 1778; x_wconf 89' lang='lat' dir='ltr'>ad</span> <span class='ocrx_word' id='word_1_104' title='bbox 1450 1715 1772 1798; x_wconf 87' lang='lat' dir='ltr'>proelium</span> <span class='ocrx_word' id='word_1_105' title='bbox 1820 1714 2060 1779; x_wconf 87' lang='lat' dir='ltr'>elicere</span> <span class='ocrx_word' id='word_1_106' title='bbox 2091 1736 2225 1778; x_wconf 91' lang='lat' dir='ltr'>non</span> <span class='ocrx_word' id='word_1_107' title='bbox 2258 1725 2511 1798; x_wconf 87' lang='lat' dir='ltr'>posset,</span> 
     </span>
     <span class='ocr_line' id='line_1_15' title="bbox 412 1818 2518 1901; baseline -0.001 -16"><span class='ocrx_word' id='word_1_108' title='bbox 412 1828 631 1885; x_wconf 88' lang='lat' dir='ltr'>castra</span> <span class='ocrx_word' id='word_1_109' title='bbox 668 1839 1054 1901; x_wconf 86' lang='lat' dir='ltr'>oppugnare</span> <span class='ocrx_word' id='word_1_110' title='bbox 1100 1828 1205 1882; x_wconf 87' lang='lat' dir='ltr'>est</span> <span class='ocrx_word' id='word_1_111' title='bbox 1246 1819 1536 1882; x_wconf 83' lang='lat' dir='ltr'>adortuS.</span> <span class='ocrx_word' id='word_1_112' title='bbox 1633 1818 1979 1882; x_wconf 92' lang='lat' dir='ltr'>Prohibuit</span> <span class='ocrx_word' id='word_1_113' title='bbox 2024 1819 2222 1883; x_wconf 90' lang='lat' dir='ltr'>foeda</span> <span class='ocrx_word' id='word_1_114' title='bbox 2264 1828 2518 1901; x_wconf 89' lang='lat' dir='ltr'>tempe·</span> 
     </span>
    </p>

    <p class='ocr_par' dir='ltr' id='par_1_6' title="bbox 335 1921 2518 2319">
     <span class='ocr_line' id='line_1_16' title="bbox 335 1921 2516 2006; baseline -0.001 -19"><span class='ocrx_word' id='word_1_115' title='bbox 335 1949 371 1981; x_wconf 49' lang='grc' dir='ltr'>Ἰει</span> <span class='ocrx_word' id='word_1_116' title='bbox 415 1934 554 1988; x_wconf 91' lang='lat' dir='ltr'>stas</span> <span class='ocrx_word' id='word_1_117' title='bbox 588 1943 738 1987; x_wconf 90' lang='lat' dir='ltr'>curn</span> <span class='ocrx_word' id='word_1_118' title='bbox 772 1923 1094 2006; x_wconf 86' lang='lat' dir='ltr'>grandine</span> <span class='ocrx_word' id='word_1_119' title='bbox 1125 1943 1203 1987; x_wconf 89' lang='lat' dir='ltr'>ac</span> <span class='ocrx_word' id='word_1_120' title='bbox 1233 1922 1597 1987; x_wconf 87' lang='lat' dir='ltr'>tonitribus</span> <span class='ocrx_word' id='word_1_121' title='bbox 1621 1921 1804 1986; x_wconf 91' lang='lat' dir='ltr'>caelo</span> <span class='ocrx_word' id='word_1_122' title='bbox 1836 1922 2114 1987; x_wconf 90' lang='lat' dir='ltr'>deiecta.</span> <span class='ocrx_word' id='word_1_123' title='bbox 2209 1921 2516 1985; x_wconf 89' lang='lat' dir='ltr'>Admira-</span> 
     </span>
     <span class='ocr_line' id='line_1_17' title="bbox 411 2026 2518 2109; baseline -0 -18"><span class='ocrx_word' id='word_1_124' title='bbox 411 2028 663 2092; x_wconf 88' lang='lat' dir='ltr'>tionem</span> <span class='ocrx_word' id='word_1_125' title='bbox 708 2027 948 2090; x_wconf 90' lang='lat' dir='ltr'>deinde</span> <span class='ocrx_word' id='word_1_126' title='bbox 978 2026 1159 2089; x_wconf 87' lang='lat' dir='ltr'>auxit</span> <span class='ocrx_word' id='word_1_127' title='bbox 1210 2026 1403 2109; x_wconf 92' lang='lat' dir='ltr'>signo</span> <span class='ocrx_word' id='word_1_128' title='bbox 1443 2026 1744 2109; x_wconf 89' lang='lat' dir='ltr'>receptui</span> <span class='ocrx_word' id='word_1_129' title='bbox 1775 2027 1930 2089; x_wconf 91' lang='lat' dir='ltr'>dato</span> <span class='ocrx_word' id='word_1_130' title='bbox 1961 2027 2128 2089; x_wconf 92' lang='lat' dir='ltr'>adeo</span> <span class='ocrx_word' id='word_1_131' title='bbox 2160 2026 2518 2109; x_wconf 90' lang='lat' dir='ltr'>tranquilla</span> 
     </span>
     <span class='ocr_line' id='line_1_18' title="bbox 412 2129 2515 2214; baseline -0.001 -17"><span class='ocrx_word' id='word_1_132' title='bbox 412 2131 738 2197; x_wconf 89' lang='lat' dir='ltr'>serenitas</span> <span class='ocrx_word' id='word_1_133' title='bbox 786 2130 1061 2208; x_wconf 90' lang='lat' dir='ltr'>reddita,</span> <span class='ocrx_word' id='word_1_134' title='bbox 1099 2140 1170 2195; x_wconf 92' lang='lat' dir='ltr'>ut</span> <span class='ocrx_word' id='word_1_135' title='bbox 1202 2130 1385 2195; x_wconf 91' lang='lat' dir='ltr'>velut</span> <span class='ocrx_word' id='word_1_136' title='bbox 1428 2131 1703 2195; x_wconf 89' lang='lat' dir='ltr'>numine</span> <span class='ocrx_word' id='word_1_137' title='bbox 1733 2129 1953 2214; x_wconf 92' lang='lat' dir='ltr'>aliquo</span> <span class='ocrx_word' id='word_1_138' title='bbox 1985 2129 2264 2195; x_wconf 91' lang='lat' dir='ltr'>defensa</span> <span class='ocrx_word' id='word_1_139' title='bbox 2295 2140 2515 2195; x_wconf 91' lang='lat' dir='ltr'>castra</span> 
     </span>
     <span class='ocr_line' id='line_1_19' title="bbox 412 2234 2515 2319; baseline -0 -19"><span class='ocrx_word' id='word_1_140' title='bbox 412 2256 797 2319; x_wconf 87' lang='lat' dir='ltr'>oppugnare</span> <span class='ocrx_word' id='word_1_141' title='bbox 852 2234 1096 2299; x_wconf 89' lang='lat' dir='ltr'>iterum</span> <span class='ocrx_word' id='word_1_142' title='bbox 1151 2235 1382 2318; x_wconf 90' lang='lat' dir='ltr'>religio</span> <span class='ocrx_word' id='word_1_143' title='bbox 1436 2235 1658 2299; x_wconf 89' lang='lat' dir='ltr'>fuerit.</span> <span class='ocrx_word' id='word_1_144' title='bbox 1756 2235 1997 2300; x_wconf 91' lang='lat' dir='ltr'>Omnis</span> <span class='ocrx_word' id='word_1_145' title='bbox 2059 2234 2156 2298; x_wconf 91' lang='lat' dir='ltr'>ira</span> <span class='ocrx_word' id='word_1_146' title='bbox 2213 2235 2370 2299; x_wconf 91' lang='lat' dir='ltr'>belli</span> <span class='ocrx_word' id='word_1_147' title='bbox 2430 2236 2515 2299; x_wconf 92' lang='lat' dir='ltr'>ad</span> 
     </span>
    </p>

    <p class='ocr_par' dir='ltr' id='par_1_7' title="bbox 338 2338 2513 2526">
     <span class='ocr_line' id='line_1_20' title="bbox 338 2338 2513 2423; baseline -0 -20"><span class='ocrx_word' id='word_1_148' title='bbox 338 2365 367 2411; x_wconf 82' lang='grc'>3</span> <span class='ocrx_word' id='word_1_149' title='bbox 414 2339 911 2423; x_wconf 88' lang='lat' dir='ltr'>populationem</span> <span class='ocrx_word' id='word_1_150' title='bbox 976 2338 1118 2422; x_wconf 89' lang='lat' dir='ltr'>agri</span> <span class='ocrx_word' id='word_1_151' title='bbox 1177 2340 1396 2404; x_wconf 89' lang='lat' dir='ltr'>vertit.</span> <span class='ocrx_word' id='word_1_152' title='bbox 1493 2338 1694 2402; x_wconf 93' lang='lat' dir='ltr'>Alter</span> <span class='ocrx_word' id='word_1_153' title='bbox 1751 2339 1985 2404; x_wconf 90' lang='lat' dir='ltr'>consul</span> <span class='ocrx_word' id='word_1_154' title='bbox 2047 2338 2380 2403; x_wconf 88' lang='lat' dir='ltr'>Aemilius</span> <span class='ocrx_word' id='word_1_155' title='bbox 2442 2339 2513 2402; x_wconf 90' lang='lat' dir='ltr'>in</span> 
     </span>
     <span class='ocr_line' id='line_1_21' title="bbox 416 2442 2512 2526; baseline -0.001 -17"><span class='ocrx_word' id='word_1_156' title='bbox 416 2443 681 2509; x_wconf 86' lang='lat' dir='ltr'>Sabinis</span> <span class='ocrx_word' id='word_1_157' title='bbox 713 2443 960 2507; x_wconf 91' lang='lat' dir='ltr'>bellurn</span> <span class='ocrx_word' id='word_1_158' title='bbox 993 2443 1220 2526; x_wconf 89' lang='lat' dir='ltr'>gessit.</span> <span class='ocrx_word' id='word_1_159' title='bbox 1318 2444 1409 2506; x_wconf 92' lang='lat' dir='ltr'>Et</span> <span class='ocrx_word' id='word_1_160' title='bbox 1441 2443 1550 2518; x_wconf 89' lang='lat' dir='ltr'>ibi,</span> <span class='ocrx_word' id='word_1_161' title='bbox 1586 2442 1740 2525; x_wconf 89' lang='lat' dir='ltr'>quia</span> <span class='ocrx_word' id='word_1_162' title='bbox 1785 2444 1998 2507; x_wconf 91' lang='lat' dir='ltr'>hostis</span> <span class='ocrx_word' id='word_1_163' title='bbox 2044 2443 2394 2506; x_wconf 90' lang='lat' dir='ltr'>moenibus</span> <span class='ocrx_word' id='word_1_164' title='bbox 2437 2463 2512 2506; x_wconf 91' lang='lat' dir='ltr'>se</span> 
     </span>
    </p>

    <p class='ocr_par' dir='ltr' id='par_1_8' title="bbox 334 2546 2512 2941">
     <span class='ocr_line' id='line_1_22' title="bbox 334 2546 2512 2630; baseline -0.001 -18"><span class='ocrx_word' id='word_1_165' title='bbox 334 2572 367 2618; x_wconf 85' lang='grc'><strong>4</strong></span> <span class='ocrx_word' id='word_1_166' title='bbox 414 2548 707 2623; x_wconf 88' lang='lat' dir='ltr'>tenebat,</span> <span class='ocrx_word' id='word_1_167' title='bbox 740 2547 984 2611; x_wconf 89' lang='lat' dir='ltr'>vastati</span> <span class='ocrx_word' id='word_1_168' title='bbox 1031 2548 1173 2630; x_wconf 90' lang='lat' dir='ltr'>agri</span> <span class='ocrx_word' id='word_1_169' title='bbox 1218 2557 1391 2612; x_wconf 91' lang='lat' dir='ltr'>sunt.</span> <span class='ocrx_word' id='word_1_170' title='bbox 1491 2546 1834 2612; x_wconf 90' lang='lat' dir='ltr'>Incendiis</span> <span class='ocrx_word' id='word_1_171' title='bbox 1880 2547 2122 2610; x_wconf 91' lang='lat' dir='ltr'>deinde</span> <span class='ocrx_word' id='word_1_172' title='bbox 2167 2567 2302 2610; x_wconf 91' lang='lat' dir='ltr'>non</span> <span class='ocrx_word' id='word_1_173' title='bbox 2334 2547 2512 2610; x_wconf 88' lang='lat' dir='ltr'>villa·</span> 
     </span>
     <span class='ocr_line' id='line_1_23' title="bbox 411 2649 2511 2732; baseline -0.002 -16"><span class='ocrx_word' id='word_1_174' title='bbox 411 2672 556 2716; x_wconf 91' lang='lat' dir='ltr'>rum</span> <span class='ocrx_word' id='word_1_175' title='bbox 601 2651 798 2714; x_wconf 90' lang='lat' dir='ltr'>modo</span> <span class='ocrx_word' id='word_1_176' title='bbox 845 2650 962 2713; x_wconf 89' lang='lat' dir='ltr'>sed</span> <span class='ocrx_word' id='word_1_177' title='bbox 1012 2649 1209 2713; x_wconf 90' lang='lat' dir='ltr'>etiam</span> <span class='ocrx_word' id='word_1_178' title='bbox 1259 2650 1574 2725; x_wconf 87' lang='lat' dir='ltr'>vicorum,</span> <span class='ocrx_word' id='word_1_179' title='bbox 1611 2649 1853 2731; x_wconf 90' lang='lat' dir='ltr'>quibus</span> <span class='ocrx_word' id='word_1_180' title='bbox 1899 2649 2288 2732; x_wconf 90' lang='lat' dir='ltr'>frequenter</span> <span class='ocrx_word' id='word_1_181' title='bbox 2330 2649 2511 2713; x_wconf 91' lang='lat' dir='ltr'>habi-</span> 
     </span>
     <span class='ocr_line' id='line_1_24' title="bbox 408 2753 2506 2835; baseline -0.001 -17"><span class='ocrx_word' id='word_1_182' title='bbox 408 2755 694 2830; x_wconf 89' lang='lat' dir='ltr'>tabatur,</span> <span class='ocrx_word' id='word_1_183' title='bbox 746 2753 977 2818; x_wconf 89' lang='lat' dir='ltr'>Sabini</span> <span class='ocrx_word' id='word_1_184' title='bbox 1041 2753 1238 2816; x_wconf 87' lang='lat' dir='ltr'>exciti</span> <span class='ocrx_word' id='word_1_185' title='bbox 1301 2774 1454 2817; x_wconf 90' lang='lat' dir='ltr'>curn</span> <span class='ocrx_word' id='word_1_186' title='bbox 1515 2754 2018 2835; x_wconf 88' lang='lat' dir='ltr'>praedatoribus</span> <span class='ocrx_word' id='word_1_187' title='bbox 2072 2753 2506 2828; x_wconf 86' lang='lat' dir='ltr'>occurissent,</span> 
     </span>
     <span class='ocr_line' id='line_1_25' title="bbox 408 2857 2512 2941; baseline -0.001 -18"><span class='ocrx_word' id='word_1_188' title='bbox 408 2858 681 2940; x_wconf 87' lang='lat' dir='ltr'>ancipiti</span> <span class='ocrx_word' id='word_1_189' title='bbox 752 2857 1002 2941; x_wconf 89' lang='lat' dir='ltr'>proelio</span> <span class='ocrx_word' id='word_1_190' title='bbox 1064 2857 1345 2940; x_wconf 88' lang='lat' dir='ltr'>digressi</span> <span class='ocrx_word' id='word_1_191' title='bbox 1400 2868 1670 2940; x_wconf 89' lang='lat' dir='ltr'>postero</span> <span class='ocrx_word' id='word_1_192' title='bbox 1736 2857 1845 2921; x_wconf 91' lang='lat' dir='ltr'>die</span> <span class='ocrx_word' id='word_1_193' title='bbox 1905 2857 2224 2921; x_wconf 88' lang='lat' dir='ltr'>rettulere</span> <span class='ocrx_word' id='word_1_194' title='bbox 2293 2867 2512 2921; x_wconf 89' lang='lat' dir='ltr'>castra</span> 
     </span>
    </p>

    <p class='ocr_par' dir='ltr' id='par_1_9' title="bbox 333 2959 2511 3148">
     <span class='ocr_line' id='line_1_26' title="bbox 333 2959 2511 3043; baseline -0.001 -18"><span class='ocrx_word' id='word_1_195' title='bbox 333 2985 362 3033; x_wconf 85' lang='lat'><strong>5</strong></span> <span class='ocrx_word' id='word_1_196' title='bbox 410 2964 477 3025; x_wconf 92' lang='lat' dir='ltr'>in</span> <span class='ocrx_word' id='word_1_197' title='bbox 527 2962 776 3025; x_wconf 89' lang='lat' dir='ltr'>tutiora</span> <span class='ocrx_word' id='word_1_198' title='bbox 827 2960 986 3025; x_wconf 91' lang='lat' dir='ltr'>loca.</span> <span class='ocrx_word' id='word_1_199' title='bbox 1085 2961 1164 3025; x_wconf 95' lang='lat' dir='ltr'>Id</span> <span class='ocrx_word' id='word_1_200' title='bbox 1219 2961 1382 3024; x_wconf 91' lang='lat' dir='ltr'>satis</span> <span class='ocrx_word' id='word_1_201' title='bbox 1435 2959 1692 3025; x_wconf 90' lang='lat' dir='ltr'>consuli</span> <span class='ocrx_word' id='word_1_202' title='bbox 1736 2961 1952 3025; x_wconf 92' lang='lat' dir='ltr'>visum</span> <span class='ocrx_word' id='word_1_203' title='bbox 2010 2982 2128 3025; x_wconf 91' lang='lat' dir='ltr'>cur</span> <span class='ocrx_word' id='word_1_204' title='bbox 2170 2981 2290 3043; x_wconf 93' lang='lat' dir='ltr'>pro</span> <span class='ocrx_word' id='word_1_205' title='bbox 2330 2961 2511 3024; x_wconf 91' lang='lat' dir='ltr'>victo</span> 
     </span>
     <span class='ocr_line' id='line_1_27' title="bbox 407 3052 2200 3148; baseline -0.001 -18"><span class='ocrx_word' id='word_1_206' title='bbox 407 3066 811 3148; x_wconf 86' lang='lat' dir='ltr'>relinqueret</span> <span class='ocrx_word' id='word_1_207' title='bbox 843 3064 1124 3141; x_wconf 89' lang='lat' dir='ltr'>hostem,</span> <span class='ocrx_word' id='word_1_208' title='bbox 1161 3065 1424 3148; x_wconf 90' lang='lat' dir='ltr'>integro</span> <span class='ocrx_word' id='word_1_209' title='bbox 1456 3066 1611 3129; x_wconf 88' lang='lat' dir='ltr'>inde</span> <span class='ocrx_word' id='word_1_210' title='bbox 1640 3052 1973 3130; x_wconf 81' lang='lat' dir='ltr'>decedens</span> <span class='ocrx_word' id='word_1_211' title='bbox 2007 3065 2200 3130; x_wconf 86' lang='lat' dir='ltr'>bello.</span> 
     </span>
    </p>
   </div>
   <div class='ocr_carea' id='block_1_3' title="bbox 402 3202 2508 3331">
    <p class='ocr_par' dir='ltr' id='par_1_10' title="bbox 402 3202 2508 3331">
     <span class='ocr_line' id='line_1_28' title="bbox 475 3202 2508 3269; baseline 0 -18"><span class='ocrx_word' id='word_1_212' title='bbox 475 3215 516 3268; x_wconf 89' lang='lat'>7.</span> <span class='ocrx_word' id='word_1_213' title='bbox 552 3203 748 3260; x_wconf 85' lang='lat' dir='ltr'>semel,</span> <span class='ocrx_word' id='word_1_214' title='bbox 784 3203 903 3265; x_wconf 86' lang='lat' dir='ltr'>only</span> <span class='ocrx_word' id='word_1_215' title='bbox 935 3219 1064 3262; x_wconf 85' lang='lat' dir='ltr'>once,</span> <span class='ocrx_word' id='word_1_216' title='bbox 1088 3219 1144 3253; x_wconf 83' lang='lat' dir='ltr'>as</span> <span class='ocrx_word' id='word_1_217' title='bbox 1178 3206 1407 3269; x_wconf 84' lang='lat' dir='ltr'>opposed</span> <span class='ocrx_word' id='word_1_218' title='bbox 1507 3211 1840 3269; x_wconf 83' lang='lat' dir='ltr'>prosecutors‚</span> <span class='ocrx_word' id='word_1_219' title='bbox 1879 3204 1937 3253; x_wconf 85' lang='lat' dir='ltr'>of</span> <span class='ocrx_word' id='word_1_220' title='bbox 1975 3202 2105 3253; x_wconf 88' lang='lat' dir='ltr'>their</span> <span class='ocrx_word' id='word_1_221' title='bbox 2150 3218 2264 3251; x_wconf 88' lang='lat' dir='ltr'>own</span> <span class='ocrx_word' id='word_1_222' title='bbox 2309 3202 2508 3265; x_wconf 77' lang='lat' dir='ltr'>accord,</span> 
     </span>
     <span class='ocr_line' id='line_1_29' title="bbox 402 3269 2202 3331; baseline 0 -13"><span class='ocrx_word' id='word_1_223' title='bbox 402 3277 456 3318; x_wconf 91' lang='lat' dir='ltr'>to</span> <span class='ocrx_word' id='word_1_224' title='bbox 497 3270 582 3317; x_wconf 91' lang='lat' dir='ltr'>the</span> <span class='ocrx_word' id='word_1_225' title='bbox 623 3270 811 3318; x_wconf 90' lang='lat' dir='ltr'>second</span> <span class='ocrx_word' id='word_1_226' title='bbox 848 3269 960 3318; x_wconf 90' lang='lat' dir='ltr'>trial</span> <span class='ocrx_word' id='word_1_227' title='bbox 1000 3270 1219 3319; x_wconf 86' lang='lat' dir='ltr'>referred</span> <span class='ocrx_word' id='word_1_228' title='bbox 1259 3279 1312 3320; x_wconf 91' lang='lat' dir='ltr'>to</span> <span class='ocrx_word' id='word_1_229' title='bbox 1352 3272 1408 3319; x_wconf 91' lang='lat' dir='ltr'>in</span> <span class='ocrx_word' id='word_1_230' title='bbox 1507 3271 1716 3319; x_wconf 84' lang='lat' dir='ltr'>allowed</span> <span class='ocrx_word' id='word_1_231' title='bbox 1742 3271 1827 3319; x_wconf 87' lang='lat' dir='ltr'>the</span> <span class='ocrx_word' id='word_1_232' title='bbox 1851 3286 1964 3319; x_wconf 88' lang='lat' dir='ltr'>case</span> <span class='ocrx_word' id='word_1_233' title='bbox 1988 3277 2042 3318; x_wconf 90' lang='lat' dir='ltr'>to</span> <span class='ocrx_word' id='word_1_234' title='bbox 2064 3271 2202 3331; x_wconf 86' lang='lat' dir='ltr'>drag.</span> 
     </span>
    </p>
   </div>
   <div class='ocr_carea' id='block_1_4' title="bbox 400 3335 2528 3597">
    <p class='ocr_par' dir='ltr' id='par_1_11' title="bbox 401 3335 2378 3466">
     <span class='ocr_line' id='line_1_30' title="bbox 401 3335 2378 3398; baseline 0 -14"><span class='ocrx_word' id='word_1_235' title='bbox 401 3335 488 3385; x_wconf 84' lang='lat' dir='ltr'>the</span> <span class='ocrx_word' id='word_1_236' title='bbox 524 3335 1274 3397; x_wconf 72' lang='lat' dir='ltr'>following—accusatorio:</span> <span class='ocrx_word' id='word_1_237' title='bbox 1325 3338 1406 3386; x_wconf 58' lang='lat' dir='ltr'>tle.</span> <span class='ocrx_word' id='word_1_238' title='bbox 1572 3349 1620 3398; x_wconf 89' lang='lat'>9.</span> <span class='ocrx_word' id='word_1_239' title='bbox 1653 3336 2065 3386; x_wconf 78' lang='lat' dir='ltr'>laudationem:</span> <span class='ocrx_word' id='word_1_240' title='bbox 2104 3335 2169 3384; x_wconf 85' lang='lat' dir='ltr'>cf.</span> <span class='ocrx_word' id='word_1_241' title='bbox 2192 3345 2273 3398; x_wconf 89' lang='lat'>47.</span> <span class='ocrx_word' id='word_1_242' title='bbox 2303 3346 2378 3384; x_wconf 88' lang='lat'>11.</span> 
     </span>
     <span class='ocr_line' id='line_1_31' title="bbox 401 3401 1408 3466; baseline 0.002 -18"><span class='ocrx_word' id='word_1_243' title='bbox 401 3401 520 3449; x_wconf 82' lang='lat' dir='ltr'>with</span> <span class='ocrx_word' id='word_1_244' title='bbox 546 3402 632 3449; x_wconf 88' lang='lat' dir='ltr'>the</span> <span class='ocrx_word' id='word_1_245' title='bbox 655 3408 775 3449; x_wconf 88' lang='lat' dir='ltr'>tone</span> <span class='ocrx_word' id='word_1_246' title='bbox 799 3401 859 3450; x_wconf 85' lang='lat' dir='ltr'>of</span> <span class='ocrx_word' id='word_1_247' title='bbox 875 3417 905 3450; x_wconf 86' lang='lat' dir='ltr'>a</span> <span class='ocrx_word' id='word_1_248' title='bbox 929 3410 1220 3466; x_wconf 89' lang='lat' dir='ltr'>prosecutor</span> <span class='ocrx_word' id='word_1_249' title='bbox 1238 3403 1408 3451; x_wconf 86' lang='lat' dir='ltr'>rather</span> 
     </span>
    </p>

    <p class='ocr_par' dir='ltr' id='par_1_12' title="bbox 400 3450 2528 3597">
     <span class='ocr_line' id='line_1_32' title="bbox 402 3450 2378 3531; baseline 0.001 -16"><span class='ocrx_word' id='word_1_250' title='bbox 402 3467 523 3515; x_wconf 89' lang='lat' dir='ltr'>than</span> <span class='ocrx_word' id='word_1_251' title='bbox 539 3483 569 3515; x_wconf 90' lang='lat' dir='ltr'>a</span> <span class='ocrx_word' id='word_1_252' title='bbox 583 3467 940 3516; x_wconf 86' lang='lat' dir='ltr'>defendant.-—</span> <span class='ocrx_word' id='word_1_253' title='bbox 956 3469 1107 3517; x_wconf 84' lang='lat' dir='ltr'>diem</span> <span class='ocrx_word' id='word_1_254' title='bbox 1126 3469 1255 3531; x_wconf 84' lang='lat' dir='ltr'>ipsi,</span> <span class='ocrx_word' id='word_1_255' title='bbox 1274 3475 1401 3516; x_wconf 82' lang='lat' dir='ltr'>etc.:</span> <span class='ocrx_word' id='word_1_256' title='bbox 1640 3453 1777 3501; x_wconf 79' lang='lat' dir='ltr'>WAR</span> <span class='ocrx_word' id='word_1_257' title='bbox 1806 3464 1956 3501; x_wconf 79' lang='lat' dir='ltr'>WITH</span> <span class='ocrx_word' id='word_1_258' title='bbox 1987 3463 2100 3500; x_wconf 81' lang='lat' dir='ltr'>THE</span> <span class='ocrx_word' id='word_1_259' title='bbox 2134 3450 2378 3501; x_wconf 78' lang='lat' dir='ltr'>SABINES.</span> 
     </span>
     <span class='ocr_line' id='line_1_33' title="bbox 400 3531 2528 3597; baseline 0.001 -18"><span class='ocrx_word' id='word_1_260' title='bbox 400 3533 639 3590; x_wconf 87' lang='lat' dir='ltr'>whether,</span> <span class='ocrx_word' id='word_1_261' title='bbox 664 3549 718 3581; x_wconf 89' lang='lat' dir='ltr'>as</span> <span class='ocrx_word' id='word_1_262' title='bbox 751 3549 853 3583; x_wconf 88' lang='lat' dir='ltr'>was</span> <span class='ocrx_word' id='word_1_263' title='bbox 887 3534 973 3582; x_wconf 88' lang='lat' dir='ltr'>the</span> <span class='ocrx_word' id='word_1_264' title='bbox 1000 3535 1229 3597; x_wconf 79' lang='lat' dir='ltr'>practice</span> <span class='ocrx_word' id='word_1_265' title='bbox 1264 3534 1403 3591; x_wconf 89' lang='lat' dir='ltr'>later,</span> <span class='ocrx_word' id='word_1_266' title='bbox 1574 3531 1675 3586; x_wconf 78' lang='grc'>62.</span> <span class='ocrx_word' id='word_1_267' title='bbox 1733 3549 1780 3595; x_wconf 91' lang='grc'>4.</span> <span class='ocrx_word' id='word_1_268' title='bbox 1815 3535 2103 3584; x_wconf 83' lang='lat' dir='ltr'>villarum:</span> <span class='ocrx_word' id='word_1_269' title='bbox 2153 3533 2314 3595; x_wconf 86' lang='lat' dir='ltr'>single</span> <span class='ocrx_word' id='word_1_270' title='bbox 2361 3533 2528 3582; x_wconf 41' lang='lat' dir='ltr'>fax-mr</span> 
     </span>
    </p>
   </div>
   <div class='ocr_carea' id='block_1_5' title="bbox 398 3598 2515 3860">
    <p class='ocr_par' dir='ltr' id='par_1_13' title="bbox 400 3598 2515 3728">
     <span class='ocr_line' id='line_1_34' title="bbox 400 3598 2515 3662; baseline 0 -17"><span class='ocrx_word' id='word_1_271' title='bbox 400 3598 487 3645; x_wconf 88' lang='lat' dir='ltr'>the</span> <span class='ocrx_word' id='word_1_272' title='bbox 511 3599 725 3647; x_wconf 88' lang='lat' dir='ltr'>accused</span> <span class='ocrx_word' id='word_1_273' title='bbox 750 3600 851 3648; x_wconf 86' lang='lat' dir='ltr'>had</span> <span class='ocrx_word' id='word_1_274' title='bbox 875 3616 906 3648; x_wconf 91' lang='lat' dir='ltr'>a</span> <span class='ocrx_word' id='word_1_275' title='bbox 927 3600 1059 3662; x_wconf 87' lang='lat' dir='ltr'>right</span> <span class='ocrx_word' id='word_1_276' title='bbox 1077 3606 1131 3648; x_wconf 91' lang='lat' dir='ltr'>to</span> <span class='ocrx_word' id='word_1_277' title='bbox 1149 3607 1248 3648; x_wconf 92' lang='lat' dir='ltr'>two</span> <span class='ocrx_word' id='word_1_278' title='bbox 1267 3614 1406 3647; x_wconf 89' lang='lat' dir='ltr'>more</span> <span class='ocrx_word' id='word_1_279' title='bbox 1505 3599 1689 3648; x_wconf 89' lang='lat' dir='ltr'>houses</span> <span class='ocrx_word' id='word_1_280' title='bbox 1712 3618 1725 3659; x_wconf 90' lang='lat'>;</span> <span class='ocrx_word' id='word_1_281' title='bbox 1817 3601 2073 3650; x_wconf 83' lang='lat' dir='ltr'>vicorum</span> <span class='ocrx_word' id='word_1_282' title='bbox 2102 3616 2115 3648; x_wconf 74' lang='grc' dir='ltr'><strong>ε</strong></span> <span class='ocrx_word' id='word_1_283' title='bbox 2190 3598 2396 3648; x_wconf 88' lang='lat' dir='ltr'>clusters</span> <span class='ocrx_word' id='word_1_284' title='bbox 2457 3598 2515 3647; x_wconf 84' lang='lat' dir='ltr'>of</span> 
     </span>
     <span class='ocr_line' id='line_1_35' title="bbox 400 3663 1965 3728; baseline 0.002 -18"><span class='ocrx_word' id='word_1_285' title='bbox 400 3663 634 3726; x_wconf 88' lang='lat' dir='ltr'>hearings</span> <span class='ocrx_word' id='word_1_286' title='bbox 657 3664 714 3712; x_wconf 88' lang='lat' dir='ltr'>of</span> <span class='ocrx_word' id='word_1_287' title='bbox 732 3665 820 3713; x_wconf 87' lang='lat' dir='ltr'>the</span> <span class='ocrx_word' id='word_1_288' title='bbox 844 3680 957 3714; x_wconf 87' lang='lat' dir='ltr'>case</span> <span class='ocrx_word' id='word_1_289' title='bbox 981 3664 1154 3713; x_wconf 89' lang='lat' dir='ltr'>before</span> <span class='ocrx_word' id='word_1_290' title='bbox 1177 3666 1264 3713; x_wconf 88' lang='lat' dir='ltr'>the</span> <span class='ocrx_word' id='word_1_291' title='bbox 1287 3672 1405 3713; x_wconf 84' lang='lat' dir='ltr'>vote</span> <span class='ocrx_word' id='word_1_292' title='bbox 1505 3665 1705 3723; x_wconf 88' lang='lat' dir='ltr'>houses,</span> <span class='ocrx_word' id='word_1_293' title='bbox 1744 3665 1965 3728; x_wconf 86' lang='lat' dir='ltr'>villages.</span> 
     </span>
    </p>

    <p class='ocr_par' dir='ltr' id='par_1_14' title="bbox 398 3729 2510 3860">
     <span class='ocr_line' id='line_1_36' title="bbox 398 3729 2510 3796; baseline 0.001 -22"><span class='ocrx_word' id='word_1_294' title='bbox 398 3742 500 3775; x_wconf 82' lang='lat' dir='ltr'>was</span> <span class='ocrx_word' id='word_1_295' title='bbox 534 3729 704 3786; x_wconf 86' lang='lat' dir='ltr'>taken,</span> <span class='ocrx_word' id='word_1_296' title='bbox 740 3729 782 3778; x_wconf 87' lang='lat' dir='ltr'>is</span> <span class='ocrx_word' id='word_1_297' title='bbox 818 3731 1095 3779; x_wconf 86' lang='lat' dir='ltr'>uncertain.</span> <span class='ocrx_word' id='word_1_298' title='bbox 1168 3731 1292 3793; x_wconf 86' lang='lat' dir='ltr'>Livy</span> <span class='ocrx_word' id='word_1_299' title='bbox 1325 3745 1403 3779; x_wconf 83' lang='lat' dir='ltr'>as·</span> <span class='ocrx_word' id='word_1_300' title='bbox 1574 3743 1618 3795; x_wconf 85' lang='lat'>5.</span> <span class='ocrx_word' id='word_1_301' title='bbox 1643 3731 1877 3794; x_wconf 82' lang='lat' dir='ltr'>integro,</span> <span class='ocrx_word' id='word_1_302' title='bbox 1891 3731 2000 3778; x_wconf 83' lang='lat' dir='ltr'>still</span> <span class='ocrx_word' id='word_1_303' title='bbox 2011 3729 2306 3796; x_wconf 79' lang='lat' dir='ltr'>unfinished</span> <span class='ocrx_word' id='word_1_304' title='bbox 2312 3745 2335 3784; x_wconf 88' lang='lat'>,·</span> <span class='ocrx_word' id='word_1_305' title='bbox 2360 3744 2510 3793; x_wconf 87' lang='lat' dir='ltr'>prop-</span> 
     </span>
     <span class='ocr_line' id='line_1_37' title="bbox 399 3793 2470 3860; baseline 0.003 -21"><span class='ocrx_word' id='word_1_306' title='bbox 399 3806 565 3841; x_wconf 84' lang='lat' dir='ltr'>sumes</span> <span class='ocrx_word' id='word_1_307' title='bbox 617 3793 724 3842; x_wconf 89' lang='lat' dir='ltr'>that</span> <span class='ocrx_word' id='word_1_308' title='bbox 774 3794 839 3842; x_wconf 90' lang='lat' dir='ltr'>he</span> <span class='ocrx_word' id='word_1_309' title='bbox 889 3795 991 3844; x_wconf 88' lang='lat' dir='ltr'>had</span> <span class='ocrx_word' id='word_1_310' title='bbox 1043 3802 1148 3856; x_wconf 87' lang='lat' dir='ltr'>not,</span> <span class='ocrx_word' id='word_1_311' title='bbox 1183 3796 1272 3844; x_wconf 90' lang='lat' dir='ltr'>but</span> <span class='ocrx_word' id='word_1_312' title='bbox 1316 3796 1404 3844; x_wconf 87' lang='lat' dir='ltr'>the</span> <span class='ocrx_word' id='word_1_313' title='bbox 1506 3796 1624 3859; x_wconf 86' lang='lat' dir='ltr'>erly,</span> <span class='ocrx_word' id='word_1_314' title='bbox 1648 3801 1662 3824; x_wconf 77' lang='lat'><em>⁴</em></span> <span class='ocrx_word' id='word_1_315' title='bbox 1680 3796 1800 3846; x_wconf 88' lang='lat' dir='ltr'>with</span> <span class='ocrx_word' id='word_1_316' title='bbox 1825 3797 2042 3860; x_wconf 89' lang='lat' dir='ltr'>nothing</span> <span class='ocrx_word' id='word_1_317' title='bbox 2063 3797 2198 3846; x_wconf 88' lang='lat' dir='ltr'>done</span> <span class='ocrx_word' id='word_1_318' title='bbox 2220 3795 2376 3844; x_wconf 87' lang='lat' dir='ltr'>about</span> <span class='ocrx_word' id='word_1_319' title='bbox 2399 3794 2470 3845; x_wconf 85' lang='lat' dir='ltr'>it.’</span> 
     </span>
    </p>
   </div>
  </div>
 </body>
</html>
