2792 4316
263 284 463 334 Cr-uu’s.
492 295 571 349 51,
598 295 676 349 52,
703 284 809 350 53.]
1283 284 1464 334 LIVY.
2377 285 2472 337 251

265 447 616 530 Agrippae
646 448 836 511 favor
876 448 1209 511 hauddum
1245 447 1663 513 exolevisset.
1762 450 1843 511 In
1876 449 2087 512 multa
2119 458 2367 530 tempe·
2416 474 2444 521 5

263 562 499 615 rarunt
532 552 826 615 tribuni:
872 572 1022 614 cum
1056 552 1292 633 capitis
1325 552 1795 634 anquisissent,
1823 554 1954 615 duo
1987 553 2168 615 milia
2198 553 2368 616 aeris

263 657 585 719 damnato
636 656 912 717 multam
962 656 1324 718 edixerunt.
1425 657 1527 718 Ea
1571 656 1638 717 in
1687 665 1886 737 caput
1924 656 2141 719 vertit.
2241 656 2371 719 Ne-

260 770 431 842 gant
477 758 712 821 tulisse
759 758 1190 840 ignominiam
1238 758 1896 842 aegritudinemque3
1943 759 2096 821 inde
2141 760 2369 823 morbo

261 864 697 944 absumptum
737 882 906 926 esse.

357 966 558 1029 Alius
603 966 844 1029 deinde
897 986 1050 1029 reus
1107 965 1241 1047 Sp..
1276 965 1618 1042 ServiliuS,
1656 975 1729 1029 ut
1781 966 2130 1031 consulatu
2180 967 2362 1043 abiit,
2416 980 2446 1023 6

265 1072 344 1135 C.
383 1070 633 1134 Nautio
671 1081 738 1133 et
788 1071 854 1133 P.
891 1069 1161 1132 Valerio
1193 1070 1577 1134 consulibus
1611 1070 1801 1134 initio
1835 1070 2061 1134 statim
2094 1071 2253 1133 anni
2285 1072 2369 1134 ab

268 1176 346 1239 L.
402 1174 715 1238 Caedicio
761 1184 828 1236 et
875 1174 956 1236 T.
1004 1173 1222 1237 Statio
1260 1174 1547 1237 tribunis
1581 1174 1688 1236 die
1720 1174 1915 1250 dicta,
1952 1194 2087 1236 non
2121 1184 2193 1236 ut
2231 1176 2368 1238 Me-

265 1278 511 1341 nenius
556 1277 864 1359 precibus
904 1277 1040 1341 suis
1083 1287 1194 1339 aut
1229 1286 1511 1358 patrum,
1549 1279 1668 1341 sed
1701 1298 1850 1341 cum
1883 1278 2095 1341 multa
2127 1279 2369 1342 fiducia

264 1382 693 1445 innocentiae
751 1382 1136 1463 gratiaeque
1202 1381 1595 1444 tribunicios
1657 1382 1947 1463 impetus
2008 1383 2177 1446 tulit.
2277 1384 2364 1446 Et
2414 1412 2444 1456 7

265 1487 423 1549 huic
471 1485 791 1567 proelium
842 1506 992 1548 cum
1043 1485 1283 1548 Tuscis
1332 1485 1415 1547 ad
1464 1485 1834 1548 Ianiculum
1892 1498 2034 1549 erat
2079 1486 2361 1578 crimini.

270 1590 407 1654 Sed
459 1589 698 1651 fervidi
749 1588 952 1652 animi
995 1589 1114 1664 vir,
1161 1600 1232 1651 ut
1289 1588 1357 1651 in
1408 1589 1673 1670 publico
1720 1590 2014 1670 periculo
2060 1600 2235 1666 ante,
2272 1591 2367 1655 sic

266 1703 410 1757 tum
467 1693 536 1755 in
591 1714 730 1768 su0,
781 1713 916 1755 non
968 1692 1272 1756 tribunos
1327 1694 1524 1755 modo
1574 1694 1691 1755 sed
1742 1693 2004 1775 plebem
2067 1695 2368 1758 oratione

266 1797 476 1861 feroci
525 1797 878 1859 refutando
933 1797 1522 1879 exprobrandoque
1569 1797 1644 1860 T.
1700 1797 1974 1860 Meneni
2009 1799 2371 1861 damnatio·

267 1922 421 1964 nem
456 1911 887 1983 mortemque,
925 1900 1112 1963 cuius
1144 1900 1351 1982 patris
1385 1920 1661 1963 munere
1693 1901 2003 1964 restituta
2034 1903 2367 1983 quondam

177 2015 183 2022 ’
267 2005 457 2088 plebs
512 2025 626 2068 eos
676 2005 858 2086 ipsos
911 2004 1151 2086 quibus
1204 2013 1348 2067 tum
1405 2004 1691 2067 saeviret
1752 2005 2202 2086 magistratus,
2257 2026 2369 2069 eas

267 2110 452 2192 leges
506 2109 801 2185 haberet,
858 2108 1224 2191 periculum
1287 2108 1563 2173 audacia
1624 2108 1953 2173 discussit.
2053 2109 2230 2173 Iuvit
2293 2121 2359 2173 et
2411 2122 2438 2166 8

268 2213 630 2296 Verginius
677 2213 932 2295 collega
977 2213 1172 2276 testis
1219 2214 1585 2294 productus
1623 2212 2082 2294 participando
2115 2214 2364 2288 laudes,

269 2318 482 2400 magis
528 2326 756 2380 tamen
808 2317 1285 2380 Menenianum
1311 2354 1399 2364 -—
1422 2316 1588 2380 adeo
1620 2326 2037 2379 mutaverant
2071 2318 2367 2381 animum

269 2460 357 2469 —
379 2421 627 2503 profuit
660 2421 993 2485 iudicium.

359 2525 744 2589 Certamina
775 2509 952 2588 domi
984 2525 1189 2589 finita.
1284 2524 1541 2588 Veiens
1589 2525 1833 2588 bellum
1885 2535 2207 2601 exortum,
2245 2527 2472 2609 qui-53

271 2630 396 2693 bus
445 2628 676 2692 Sabini
720 2649 903 2691 arma
950 2629 1448 2692 coniunxerant.
1548 2630 1617 2691 P.
1651 2628 1958 2692 Valerius
1999 2631 2231 2693 consul
2270 2651 2371 2695 ac-

271 2733 422 2798 citis
482 2733 869 2795 Latinorum
929 2732 1511 2816 Hernicorumque
1567 2733 1825 2797 auxiliis
1872 2754 2022 2797 cum
2074 2735 2370 2799 exercitu

336 2931 380 2985 5.
419 2919 477 2968 in
501 2919 707 2968 multa:
748 2919 826 2967 i.e.
849 2919 968 2981 they
992 2918 1267 2966 contented
1366 2917 1433 2979 by
1456 2916 1685 2979 showing
1718 2917 1846 2964 their
1881 2917 2050 2965 claims
2091 2924 2143 2966 to
2182 2918 2247 2965 be
2283 2935 2372 2966 un-

269 2985 568 3035 themselves
592 2984 711 3033 with
735 3001 765 3032 a
789 2985 901 3042 fine,
920 2985 1130 3032 without
1155 2984 1266 3032 ask·
1370 2983 1592 3031 founded
1640 2985 1739 3031 and
1792 2984 1877 3031 the
1935 2984 2102 3031 action
2149 2984 2283 3032 base.
2308 3012 2374 3020 —

269 3053 356 3114 ing
396 3051 473 3099 for
515 3051 654 3100 exile.
677 3077 740 3085 —
765 3051 983 3114 capitis,
1019 3056 1144 3098 etc.:
1191 3051 1266 3099 i.e.
1371 3048 1779 3111 exprobrando,
1804 3049 1862 3111 by
1886 3050 2223 3113 reproaclzing
2244 3051 2372 3097 them

269 3118 385 3179 they
410 3116 513 3164 had
548 3117 764 3179 brought
795 3133 826 3164 a
861 3117 1044 3178 charge
1080 3115 1267 3163 involv·
1370 3114 1846 3163 with—saeviret
1872 3152 1882 3163 .
1911 3152 1921 3163 .
1948 3151 1958 3161 .
1985 3115 2243 3164 haberet:
2288 3131 2373 3163 see

268 3183 354 3246 ing
377 3182 465 3231 the
489 3183 588 3230 loss
610 3183 667 3230 of
700 3182 801 3240 lise,
827 3182 986 3230 either
1020 3181 1189 3244 bodily
1213 3198 1269 3230 or
1370 3180 1457 3229 Gr.
1507 3193 1616 3242 341.
1666 3198 1787 3229 c.—
1811 3181 2100 3239 discussit,
2135 3180 2371 3235 asserted,-

270 3249 565 3299 civil.—ea
601 3248 658 3297 in
693 3256 1017 3311 eaput,etc.:
1070 3249 1151 3296 i.e.
1183 3249 1269 3296 the
1370 3246 1601 3310 properly
1648 3247 1962 3305 ‘shattered,'
2009 3261 2063 3294 as
2109 3247 2167 3294 os
2211 3262 2372 3293 some-

272 3319 383 3376 fine,
408 3323 499 3364 not
523 3315 763 3363 intended
790 3321 841 3362 to
871 3315 934 3362 be
970 3331 998 3362 a
1027 3319 1040 3341 ‘
1057 3315 1265 3378 capital’
1371 3313 1515 3375 thing
1539 3313 1885 3376 overhanging
1920 3313 2020 3361 and
2056 3312 2375 3374 threatenmg

270 3384 608 3449 punishment,
650 3397 704 3429 as
758 3381 993 3443 affecting
1044 3383 1129 3430 the
1187 3398 1267 3431 ac·
1370 3385 1423 3427 to
1449 3379 1548 3427 sall.
2356 3385 2368 3395 ⁸

272 3451 463 3499 cused’s
501 3450 749 3498 existence
792 3450 903 3511 (see
939 3449 1146 3510 above),
1180 3449 1268 3498 be·
1437 3444 1480 3494 8.
1520 3445 1936 3508 participando:
1980 3444 2057 3492 i.e.
2082 3444 2147 3506 by
2170 3443 2384 3506 sharing'

272 3533 411 3566 came
456 3517 578 3565 such
626 3518 691 3577 by
736 3517 799 3564 its
844 3515 1177 3564 after-effects.
1203 3542 1268 3551 —
1368 3510 1449 3560 his
1474 3527 1587 3559 own
1620 3512 1760 3574 glory
1784 3511 1903 3558 with
1929 3510 2014 3558 the
2040 3510 2270 3557 accused.

273 3598 427 3632 esse:
472 3582 589 3630 with
625 3582 808 3630 dicunt
839 3581 1046 3645 implied
1086 3582 1137 3630 in
1172 3597 1266 3631 ne-

273 3657 409 3712 gant
436 3647 645 3710 (dicunt
666 3648 815 3709 non).
1459 3630 1595 3678 WAR
1644 3639 1793 3707 wrrn
1842 3627 1964 3674 Vim
2011 3637 2128 3674 ΛΝΒ
2179 3637 2291 3674 THE

336 3729 378 3777 7.
417 3714 689 3777 periculo:
741 3714 803 3762 cf.
853 3725 928 3776 51.
966 3712 1011 3762 8.
1035 3740 1102 3748 —
1125 3713 1267 3762 refu·
1602 3721 1606 3726 ’
1745 3694 1985 3742 SAfflNES·

273 3781 458 3839 tando,
504 3780 562 3842 by
607 3780 956 3843 upbraiding,·
1020 3778 1267 3843 properly,
1435 3774 1536 3830 53.
1573 3777 1785 3834 accitis,
1819 3783 1948 3824 etc.:
1988 3774 2052 3824 cf.
2089 3787 2167 3839 33.
2205 3790 2239 3837 4
2273 3775 2375 3825 and
