2792 4316
315 314 511 366 CHAPS.
535 313 617 374 61,
639 313 721 374 62,
744 313 826 377 63,
849 312 960 379 64]
1330 313 1513 363 LIVY.
2029 352 2044 360 -
2424 312 2526 367 267

406 479 594 542 Inter
652 478 818 542 haec
878 477 1054 542 bella
1114 486 1436 541 manente
1490 475 1824 540 discordia
1875 475 2055 540 domi
2111 475 2421 540 consules
2451 483 2528 539 68

315 582 517 647 Titus
556 582 912 645 Numicius
957 580 1224 645 Priscus
1257 579 1342 644 A.
1379 580 1746 663 Verginius
1777 579 1957 644 facti.
2056 580 2211 643 Non
2250 581 2421 644 ultra
2469 608 2500 640 η

316 685 668 750 videbatur
709 685 927 748 latura
971 684 1202 768 plebes
1252 683 1642 748 dilationem
1692 684 1991 767 agrariae
2037 684 2225 767 legis,
2279 684 2426 748 ulti-

318 809 558 873 maque
601 789 703 853 vis
749 789 1109 872 parabatur
1154 810 1306 853 cum
1352 787 1635 852 Volscos
1680 788 1920 852 adesse
1967 787 2154 852 fumo
2205 809 2287 852 ex
2332 788 2426 851 in-

317 893 573 959 cendiis
618 892 923 957 villarum
967 893 1262 975 fugaque
1307 891 1674 975 agrestium
1723 892 2063 975 cognitum
2103 901 2224 956 est.
2322 893 2425 957 Ea

316 1017 425 1063 res
472 1006 798 1062 maturam
846 997 976 1060 iam
1022 996 1423 1060 seditionem
1470 1016 1548 1059 ac
1594 1015 1799 1078 prope
1835 1006 2298 1078 erumpentem
2330 1018 2424 1062 re-

316 1101 580 1184 pressit.
678 1101 1006 1165 Consules
1039 1100 1254 1165 coacti
1287 1100 1623 1182 extemplo
1662 1101 1748 1164 ab
1782 1110 2021 1165 senatu
2053 1101 2137 1164 ad
2169 1100 2415 1165 bellum
2467 1130 2496 1176 3

318 1207 561 1270 educta
590 1225 673 1268 ex
704 1206 868 1269 urbe
899 1205 1248 1267 iuventute
1278 1203 1805 1286 tranquilliorem
1843 1214 2133 1269 ceteram
2159 1205 2422 1288 plebem

317 1308 642 1373 fecerunt.
741 1309 831 1371 Et
877 1306 1107 1370 hostes
1154 1307 1423 1390 quidem
1473 1307 1640 1371 nihil
1689 1308 1866 1372 aliud
1900 1329 2097 1393 quam
2130 1309 2417 1391 perfusis
2466 1338 2497 1383 4

317 1432 492 1476 vano
522 1412 764 1475 timore
797 1410 1119 1474 Romanis
1152 1410 1359 1475 citato
1391 1411 1662 1493 agmine
1705 1413 1970 1476 abeunt.
2068 1412 2418 1477 Numicius
2465 1438 2496 1488 ⁵

320 1516 607 1580 Antium
639 1516 957 1578 adversus
981 1513 1286 1589 VolsCOS,
1314 1513 1679 1597 Verginius
1713 1526 1944 1580 contra
1975 1515 2250 1599 Aequos
2282 1537 2424 1599 pro·

318 1619 563 1684 fectus.
655 1618 760 1683 Ibi
790 1639 875 1683 ex
903 1618 1160 1682 insidiis
1194 1638 1403 1702 prope
1437 1639 1680 1701 magna
1705 1630 1979 1703 accepta
1998 1620 2182 1685 clade
2202 1621 2412 1685 virtus

321 1724 607 1788 militum
662 1743 804 1787 rem
858 1723 1233 1805 prolapsam
1284 1722 1714 1805 neglegentia
1762 1723 2054 1787 consulis
2109 1725 2416 1789 restituit.

323 1828 568 1892 Melius
623 1827 691 1890 in
747 1826 1010 1891 Volscis
1065 1827 1465 1909 imperatum
1520 1835 1664 1892 est:
1716 1826 1850 1890 fusi
1905 1827 2116 1909 primo
2169 1829 2418 1910 proelio
2465 1844 2497 1889 6

321 1934 552 1995 hostes
605 1928 897 2014 fugaque
952 1931 1021 1994 in
1073 1932 1305 1994 urbem
1360 1929 1667 2006 Antium,
1718 1940 1791 1994 ut
1845 1940 1988 1995 tum
2044 1952 2148 1996 res
2210 1941 2417 2008 erant,

322 2035 898 2118 opulentissimam
960 2034 1114 2098 acti.
1231 2035 1452 2117 Quam
1515 2034 1750 2098 consul
1828 2055 2211 2118 oppugnare
2286 2057 2421 2100 non

321 2162 524 2205 ausus
572 2140 976 2216 Caenonem,
1011 2138 1189 2203 aliud
1239 2138 1556 2223 oppidum
1612 2158 2029 2222 nequaquam
2081 2149 2218 2204 tam
2267 2162 2424 2223 opu-

321 2245 597 2320 lentum,
650 2245 734 2308 ab
788 2243 1185 2308 Antiatibus
1240 2243 1435 2326 cepit.
1534 2244 1714 2306 Dum
1770 2242 1996 2326 Aequi
2054 2243 2416 2327 Volscique
2465 2274 2497 2318 7

326 2351 668 2412 Romanos
701 2348 1034 2412 exercitus
1067 2356 1321 2423 tenent,
1361 2347 1593 2411 Sabini
1626 2366 1836 2430 usque
1867 2348 1949 2410 ad
1980 2357 2206 2430 portas
2239 2348 2421 2412 urbis

322 2451 719 2536 populantes
769 2452 1120 2517 incessere.
1218 2451 1484 2516 Deinde
1534 2450 1662 2533 ipsi
1710 2450 1938 2534 paucis
1987 2461 2138 2533 post
2188 2451 2424 2516 diebus

321 2557 407 2621 ab
440 2557 698 2621 duobus
729 2557 1148 2632 exercitibuS,
1176 2565 1459 2640 utroque
1492 2575 1613 2637 per
1635 2555 1799 2619 iram
1825 2554 2097 2619 consule
2122 2555 2424 2638 ingresso

321 2661 392 2724 in
424 2660 595 2737 finis,
630 2661 779 2743 plus
813 2662 1098 2726 cladium
1131 2681 1330 2743 quam
1364 2659 1728 2723 intulerant
1758 2669 2178 2741 acceperunt.

413 2766 731 2828 Extremo
762 2784 940 2828 anno
973 2764 1156 2846 pacis
1190 2763 1439 2846 aliquid
1471 2763 1617 2838 fuit,
1659 2763 1794 2837 sed,
1830 2772 1904 2825 ut
1938 2782 2201 2845 semper
2235 2763 2414 2840 alias,
2449 2772 2531 2827 64

324 2868 648 2932 sollicitae
677 2867 860 2950 pacis
893 2867 1258 2932 certamine
1290 2876 1553 2949 patrum
1587 2875 1655 2931 et
1697 2865 1928 2950 plebis.
2026 2866 2205 2930 Irata
2234 2867 2423 2950 plebs

322 3065 460 3115 WAR
509 3066 738 3114 ABROAD
789 3076 904 3113 ΛΝΒ
963 3065 1207 3115 DISCORD
1255 3075 1326 3114 AT
1428 3079 1555 3112 even
1577 3063 1726 3113 when
1755 3063 1863 3112 that
1893 3061 2234 3110 construction
2258 3077 2428 3111 ceases

731 3131 918 3180 HOME.
1428 3137 1481 3178 to
1504 3131 1568 3178 be
1592 3129 1834 3193 possible;
1878 3126 1942 3177 cf.
1967 3127 2052 3176 Gr.
2079 3140 2189 3188 240.
2213 3144 2245 3175 a
2265 3130 2362 3175 and
2373 3144 2426 3190 g.

389 3209 490 3265 63.
529 3226 573 3261 2.
599 3228 731 3262 cum
750 3215 1039 3277 cognitum
1064 3222 1182 3264 est:
1210 3228 1325 3262 cum
1495 3196 1540 3244 5·
1577 3196 1790 3269 melin}
1824 3232 1835 3243 ·
1862 3231 1872 3242 ·
1899 3230 1912 3242 ·
1948 3194 2283 3257 imperatum
2322 3201 2427 3251 est,

323 3279 602 3337 inversum,
620 3279 703 3328 Gr,
730 3292 793 3341 32
797 3293 841 3345 5,
861 3281 902 3330 b,
1426 3259 1725 3323 thegeneral
1733 3259 2144 3308 dadbetter.—ut
2157 3265 2296 3314 tum,
2310 3264 2426 3305 etc.:

392 3356 436 3405 3.
471 3345 680 3393 coactit
710 3361 775 3393 sc.
798 3346 1019 3405 educere,
1041 3345 1251 3411 implied
1272 3345 1328 3395 in
1427 3340 1483 3375 ⁵⁰
1508 3326 1551 3375 Ῑ·
1576 3338 1621 3388 3·
1646 3338 1727 3404 3³,
1745 3325 1814 3374 ῙῙ·
1842 3336 1922 3389 50·
1952 3336 2004 3383 ²5
2048 3322 2112 3372 cf·
2140 3323 2180 3371 1·
2211 3322 2285 3370 18·
2319 3334 2423 3399 1·n.

323 3411 544 3468 educta,
569 3417 664 3459 etc.
1500 3404 1541 3457 7.
1578 3407 1677 3456 per
1712 3406 1882 3440 iram:
1922 3387 1985 3438 cf.
2019 3401 2097 3447 24.
2125 3398 2246 3465 53—
2266 3387 2423 3463 finis:

388 3490 436 3536 4.
471 3477 732 3538 quidemg
770 3477 1019 3541 opposing
1041 3479 1127 3526 the
1146 3493 1327 3540 enemy
1428 3475 1492 3508 sc.
1546 3458 1873 3534 Saffum-‘um
1912 3481 1981 3491 —
2013 3453 2288 3503 cladium:
2351 3469 2429 3503 τι.

325 3548 378 3589 to
423 3542 510 3589 the
563 3542 790 3601 consuls,
851 3544 967 3592 ‘the
1013 3559 1191 3606 enemy
1237 3544 1325 3593 did
1432 3523 1864 3589 P⁰pulat²0mbus·

324 3607 554 3669 nothing,
590 3615 643 3657 to
681 3608 746 3657 be
786 3624 916 3667 sure,
949 3609 1039 3658 but
1079 3610 1165 3657 the
1206 3624 1323 3658 con·

323 3672 424 3721 suls
469 3674 741 3722 continued
787 3675 872 3723 the
912 3675 1320 3723 war.'—aliud:
1480 3657 1751 3705 ANOTHER
1789 3654 1941 3702 YEAR
1973 3664 2043 3701 oF
2088 3652 2227 3702 WAR
2259 3662 2376 3701 AND

324 3737 586 3800 originally
610 3755 640 3787 a
663 3747 875 3801 cognate
900 3741 1181 3788 accusative
1203 3739 1323 3787 with
1794 3720 2054 3769 DISCORD.

323 3803 411 3853 the
444 3805 564 3854 verb
605 3805 695 3869 (cf.
737 3819 816 3867 29.
855 3804 936 3870 4),
970 3807 1060 3855 but
1098 3805 1326 3855 retained
1493 3801 1593 3857 64.
1646 3803 1938 3863 sollicitae,
1967 3801 2234 3852 disturbed.
