2792 4316
237 324 433 373 CHAPS.
460 335 539 389 54,
566 335 592 388 5
599 323 671 388 5.]

1255 322 1438 372 LIVY.

236 488 322 550 de
366 486 678 551 libertate
725 506 861 562 sua,
898 506 1128 550 rursus
1170 486 1254 549 ad
1285 485 1561 569 antiqua
1591 485 1899 561 reditum,
1936 505 2089 549 cum
2124 484 2346 550 Genu-

238 591 344 655 cio
390 610 525 654 uno
573 599 902 653 mortuam
948 610 1026 654 ae
1073 589 1403 672 sepultam
1450 589 1876 654 tribuniciam
1915 599 2338 671 potestatem.

237 694 449 758 Aliud
509 694 846 777 agendum
909 714 986 758 ac
1047 693 1497 776 cogitandum,
1546 714 1677 776 quo
1738 694 1936 757 modo
1994 693 2346 758 resistatur

234 798 579 880 patribus:
643 797 708 861 id
763 807 991 861 autem
1044 817 1249 861 unum
1305 797 1657 861 consilium
1712 817 1882 873 esse,
1932 806 2008 861 ut
2064 818 2135 862 se
2198 799 2343 881 ipsa
2388 829 2418 874 3

236 902 445 984 plebs,
475 902 739 985 quando
770 901 953 964 aliud
983 900 1146 963 nihil
1180 900 1404 964 auxilii
1437 901 1696 976 habeat,
1734 900 2069 966 defendat.
2141 901 2346 985 Quat-

234 1016 391 1069 tuor
420 1013 490 1068 et
522 1004 764 1087 viginti
793 1003 1064 1068 lictores
1096 1024 1415 1086 apparere
1447 1003 1850 1080 consulibuS,
1889 1014 1957 1068 et
2004 1024 2119 1068 eos
2162 1006 2344 1088 ipsos

235 1108 454 1191 plebis
499 1107 821 1172 homineS.

920 1107 1103 1170 Nihil
1150 1107 1603 1189 contemptius
1642 1128 1861 1190 neque
1906 1108 2247 1185 infirmius,
2284 1110 2342 1173 si

236 1213 373 1275 sint
399 1211 510 1294 qui
535 1220 1011 1311 contemnant;
1059 1210 1187 1275 sibi
1217 1231 1551 1293 quemque
1582 1231 1661 1275 ea
1693 1232 1936 1295 magna
1968 1222 2170 1295 atque
2201 1213 2344 1277 hor·

237 1317 444 1379 renda
472 1315 709 1380 facere.

808 1315 940 1378 His
970 1314 1246 1380 vocibus
1278 1314 1388 1378 alii
1421 1314 1587 1379 alios
1621 1336 1771 1380 curn
1809 1316 2226 1392 incitassent,
2256 1319 2340 1381 ad
2383 1346 2418 1392 4

234 1420 641 1483 Voleronem
682 1417 1053 1494 Publilium,
1087 1419 1172 1481 de
1203 1418 1401 1500 plebe
1433 1419 1790 1495 hominem,
1830 1419 2001 1503 quia,
2039 1422 2216 1504 quod
2248 1441 2343 1485 or·

235 1523 428 1586 dines
477 1522 797 1598 duxisset,
850 1531 1129 1605 negaret
1191 1542 1264 1586 se
1326 1522 1604 1585 militem
1654 1523 1799 1587 fieri
1847 1524 2108 1600 debere,
2149 1525 2344 1589 lictor

235 1627 482 1690 missus
545 1636 650 1690 est
723 1646 764 1690 a
823 1625 1231 1690 consulibuS.

1339 1626 1590 1690 Volero
1651 1628 1942 1709 appellat
2008 1629 2328 1694 tribunos,
2385 1654 2416 1704 ⁵

239 1731 411 1795 Cum
457 1730 701 1794 auxilio
749 1749 946 1793 nemo
992 1739 1192 1805 esset,
1228 1730 1539 1794 consules
1588 1730 1856 1813 spoliari
1903 1731 2239 1796 hominem
2273 1743 2341 1797 et

234 1834 458 1916 virgas
519 1833 813 1916 expediri
873 1833 1122 1898 iubent.

1241 1833 1608 1898 ‘Provoco'
1674 1834 1889 1918 inquit
1956 1837 2075 1899 ‘ad
2141 1857 2344 1919 popu-

234 1937 373 2000 lum
394 1935 409 1962 '
472 1938 736 2013 Voler0,
798 1937 1147 2020 ‘quoniam
1209 1937 1460 2000 tribuni
1525 1937 1734 2002 civem
1818 1940 2198 2004 Romanum
2270 1942 2339 2005 in

237 2050 604 2123 conspectu
654 2061 775 2104 suo
826 2040 1031 2123 virgis
1085 2041 1272 2106 caedi
1325 2040 1584 2105 malunt
1630 2063 1828 2125 quam
1878 2043 2005 2126 ipsi
2049 2043 2119 2107 in
2164 2045 2340 2110 lecto

237 2167 359 2210 suo
405 2166 446 2210 a
486 2144 676 2210 vobis
722 2143 1079 2209 trucidari.'

1176 2144 1329 2229 Quo
1376 2145 1664 2210 ferocius
1704 2146 2105 2225 clamitabat,
2141 2169 2220 2213 eo
2251 2150 2344 2213 in-

234 2250 479 2314 festius
525 2249 1083 2325 circumscindere
1127 2260 1197 2314 et
1243 2250 1528 2332 spoliare
1574 2250 1780 2315 lictor.

236 2363 305 2418 et
353 2352 742 2435 praevalens
789 2351 932 2440 ipse
975 2363 1043 2417 et
1074 2353 1545 2418 adiuvantibus
1579 2355 1919 2419 advocatis
1952 2357 2216 2438 repulso
2248 2358 2357 2421 lic-

236 2469 402 2533 tore,
442 2457 555 2521 ubi
600 2457 1094 2540 indignantium
1133 2478 1252 2540 pro
1286 2478 1359 2522 se
1392 2459 1753 2522 acerrimus
1788 2469 1927 2524 erat
1961 2459 2225 2537 clamor,
2260 2481 2341 2525 eo

237 2582 311 2626 se
342 2561 411 2624 in
443 2562 706 2625 turbam
739 2559 1296 2626 confertissimam
1331 2562 1584 2645 recipit,
1620 2562 1969 2627 clamitans
2005 2570 2021 2599 ‘
2047 2565 2338 2629 Provoco
2383 2595 2416 2641 7

237 2675 306 2730 et
338 2666 538 2730 fidem
575 2666 789 2748 plebis
832 2664 1151 2748 imploro:
1195 2667 1428 2730 adeste
1461 2665 1661 2742 cives,
1697 2667 1928 2731 adeste
1962 2668 2350 2734 commilito·
2394 2654 2401 2659 ⁸

234 2929 302 2940 ——
316 2902 389 2951 ad
413 2901 677 2963 antiqua:
707 2901 785 2950 Le.
809 2900 981 2949 before
999 2901 1086 2949 the
1104 2900 1239 2950 insti-

237 2969 402 3017 tution
438 2968 496 3016 of
534 2967 1025 3016 tribunes—aliud
1071 2980 1240 3029 agen·

237 3035 393 3091 dum,
433 3034 543 3096 they
587 3040 723 3081 must
762 3032 874 3081 take
927 3048 1057 3081 some
1104 3032 1242 3080 other

235 3115 406 3149 course
418 3116 442 3155 ‚·
493 3115 524 3147 a
566 3098 770 3161 general
815 3098 931 3147 idea
975 3098 1241 3162 explained

236 3166 303 3227 by
337 3165 723 3227 cogitandum.
746 3191 814 3200 —
836 3164 1158 3214 resistaturz
1208 3180 1240 3213 a

236 3230 559 3280 deliberative
616 3231 863 3294 question,
908 3231 1056 3279 made
1111 3230 1239 3279 indi·

236 3303 367 3355 rect3
409 3311 494 3344 see
518 3296 603 3344 Gr.
634 3308 743 3358 334.
767 3297 807 3345 b.

306 3374 352 3423 3.
387 3370 654 3424 quattuor
682 3371 738 3410 et
764 3362 993 3424 viginti:
1033 3361 1094 3411 cf.
1125 3375 1166 3411 1.
1191 3361 1238 3411 8.

234 3455 303 3464 -
320 3442 618 3490 apparere:
658 3427 721 3476 cf.
755 3429 1061 3491 apparitori,
1089 3439 1165 3493 54.
1192 3441 1237 3492 5.

233 3520 303 3530 —
326 3493 507 3556 plebis
553 3493 848 3542 homines:
899 3493 962 3541 cf.
1008 3493 1067 3542 de
1100 3494 1241 3557 plebe

233 3559 504 3617 hominem,
538 3573 587 3620 4.
609 3586 676 3594 —
698 3559 1099 3621 contemptiuS,
1123 3575 1235 3607 con-

235 3624 498 3687 temptible,
521 3640 577 3672 as
599 3623 739 3673 osten
765 3623 888 3673 with
922 3622 1009 3673 the
1043 3624 1236 3688 perfect

234 3689 431 3754 passive
454 3689 731 3753 participle.

301 3769 349 3816 4.
384 3756 629 3814 ordines,
648 3763 773 3804 etc.:
804 3754 881 3805 τῖε.
900 3755 967 3804 he
983 3754 1086 3805 had
1101 3755 1237 3805 been

234 3836 267 3870 a
289 3821 551 3870 centurion
559 3839 575 3882 3
620 3820 684 3870 cf.
708 3833 787 3884 23.
808 3835 859 3888 4.

1410 2914 1455 2968 5.
1505 2902 1752 2967 spoliari,
1798 2909 1845 2951 to
1899 2902 1952 2951 be
2001 2903 2238 2967 soeipped.
2276 2931 2344 2942 —

1340 2995 1408 3005 —
1426 2969 1564 3032 ipsi:
1615 2970 1860 3017 attracted
1906 2969 2013 3017 into
2053 2977 2345 3032 agreement

1341 3034 1461 3082 with
1518 3034 1603 3082 the
1661 3033 1867 3096 subject,
1908 3034 1985 3083 for
2030 3035 2198 3083 which
2244 3036 2344 3084 this

1341 3101 1481 3148 word
1513 3099 1605 3148 has
1640 3115 1671 3148 a
1704 3099 1972 3163 particular
2006 3101 2344 3150 fondness.—

1340 3165 1843 3215 circumscindere:
1894 3167 1973 3215 i.e.
2014 3166 2093 3215 his
2133 3166 2342 3226 clothes,

1339 3246 1395 3279 as
1420 3231 1483 3279 he
1508 3231 1732 3280 resisted.

1407 3297 1453 3344 6.
1488 3297 1810 3346 advocatis:
1846 3312 2055 3361 persons
2077 3313 2342 3362 accompa-

1340 3363 1496 3424 nying
1529 3379 1560 3410 a
1592 3369 1750 3427 party,
1773 3363 2005 3427 properly
2029 3363 2081 3411 in
2105 3371 2262 3422 court,
2287 3379 2342 3412 as

1340 3429 1574 3486 advisers,
1615 3444 1672 3476 or
1713 3435 1765 3477 to
1810 3429 1924 3491 give
1966 3429 2070 3476 him
2116 3429 2199 3478 aid
2239 3430 2341 3480 and

1339 3493 1499 3541 moral
1533 3500 1754 3557 support.
1774 3521 1841 3529 —
1859 3508 1960 3559 pro
1996 3508 2088 3544 se:
2126 3496 2213 3543 the
2254 3510 2341 3544 use

1338 3558 1398 3607 of
1436 3560 1523 3607 the
1563 3559 1793 3608 reflexive
1833 3561 2009 3608 makes
2049 3561 2135 3609 the
2174 3560 2340 3610 clause

1337 3624 1424 3673 the
1447 3625 1563 3673 idea
1586 3624 1645 3673 of
1661 3625 1747 3673 the
1771 3625 1976 3686 subject.

1407 3702 1449 3753 7.
1486 3704 1762 3754 provoco:
1802 3690 1997 3749 official,
2015 3691 2100 3741 the
2117 3692 2342 3740 continu-

1337 3756 1477 3804 ation
1515 3755 1573 3804 of
1602 3756 1689 3804 the
1722 3757 1886 3805 words
1919 3756 1972 3805 in
2009 3759 2340 3823 5.—fidem,

1338 3828 1464 3870 etc.:
1502 3836 1571 3870 an
1600 3821 1832 3871 informal
1876 3829 2071 3886 request
2103 3822 2180 3874 for
2218 3823 2339 3888 help

2350 322 2449 374 255

1876 2253 2053 2321 Tum
2090 2254 2337 2318 Volero
2385 2270 2418 2316 6
