2792 4316
314 331 410 384 244

325 1646 403 1701 49

344 2387 375 2433 3
422 2373 561 2427 unt.

1332 332 1515 383 LIVY.

2238 329 2423 396 [Boox
2449 331 2526 383 11.

415 495 605 560 siduo
638 497 852 580 magis
884 518 1080 581 quam
1115 518 1358 581 magno
1389 496 1741 580 praesidiO,
1772 506 1845 562 ut
1880 495 2089 573 scitis,
2113 505 2337 579 patres
2371 515 2529 561 con-

417 600 666 683 scripti,
696 602 947 665 bellum
982 601 1231 665 Veiens
1265 611 1439 685 eget.

414 704 560 768 bios
595 706 806 769 hostis
838 705 1240 769 Veientibus
1274 707 1446 771 date.

343 832 375 876 9
420 808 841 874 maiestatem
893 809 1179 873 Romani
1227 809 1517 873 nominis
1562 809 1723 874 fore.

1532 602 1676 666 Vos
1723 601 1852 665 alia
1896 601 2072 666 bella
2114 610 2364 677 curate,
2402 601 2458 663 F
2462 621 2529 663 a·

1542 704 1879 770 Auctores
1913 726 2143 769 sumus
2177 714 2393 768 tutam
2429 704 2527 767 ibi

1822 810 2145 874 Nostrum
2203 809 2270 872 id
2326 809 2525 872 nobis

415 913 597 976 velut
644 912 968 976 familiare
1014 913 1262 976 bellum
1312 913 1572 995 privato
1618 923 1886 996 sumptu
1932 933 2166 996 gerere
2197 912 2265 976 in
2296 912 2528 976 animo

317 1037 375 1073 ιο
420 1025 523 1080 est
548 1037 564 1093 3
609 1037 716 1080 res
763 1017 1030 1099 publica
1076 1026 1145 1080 et
1183 1016 1394 1079 milite
1439 1016 1571 1081 illic
1613 1026 1680 1081 et
1719 1016 2001 1099 pecunia
2032 1015 2265 1080 vacet.’

1237 1120 1493 1184 Consul
1525 1141 1562 1183 e
1594 1120 1779 1184 curia
1809 1139 2124 1203 egressus
2155 1119 2526 1184 comitante

418 1120 550 1183 tiae
581 1120 892 1202 ingentes
933 1130 1141 1185 actae.

2362 1016 2529 1080 Gra·

421 1224 775 1287 Fabiorum
826 1224 1112 1306 agmine,
1147 1224 1260 1308 qui
1306 1224 1376 1287 in
1425 1223 1754 1287 vestibulo
1797 1224 2020 1288 curiae
2064 1231 2339 1287 senatus
2371 1243 2528 1287 con·

417 1327 664 1391 sultum
713 1337 1183 1411 exspectantes
1228 1337 1580 1404 steterant,
1614 1328 1885 1391 domum
1918 1327 2108 1391 redit.

2204 1326 2380 1390 Iussi
2428 1346 2529 1390 ar-

419 1431 579 1495 mati
612 1442 884 1514 postero
920 1432 1029 1496 die
1075 1434 1158 1496 ad
1208 1432 1413 1496 limen
1456 1431 1749 1496 consulis
1794 1432 2048 1507 adesse,
2083 1431 2317 1495 domos
2364 1429 2528 1494 inde

418 1536 787 1600 discedunt.

517 1640 749 1702 Manat
792 1648 937 1703 tota
974 1641 1138 1704 urbe
1184 1660 1422 1704 rumor.

1521 1638 1764 1703 Fabios
1811 1639 1893 1703 ad
1924 1637 2180 1703 caelum
2212 1637 2523 1702 laudibus

415 1743 683 1806 ferunt:
741 1742 1062 1806 familiam
1118 1763 1317 1807 unam
1380 1743 1641 1807 subisse
1693 1742 1984 1807 civitatis
2032 1762 2221 1818 onuS,
2263 1742 2524 1806 Veiens

345 1872 376 1905 ο
426 1846 671 1910 bellum
722 1846 790 1908 in
829 1846 1154 1928 privatam
1192 1867 1438 1920 curam,
1473 1847 1541 1909 in
1588 1847 1844 1929 privata
1889 1867 2072 1910 arma
2114 1866 2418 1924 versum3
2465 1846 2525 1911 si

421 1952 554 2015 sint
588 1952 756 2014 duae
788 1950 1042 2014 roboris
1067 1950 1361 2014 eiusdem
1390 1950 1459 2013 in
1485 1952 1649 2015 urbe
1672 1960 1933 2034 genteS,
1960 1951 2327 2033 deposcant
2353 1952 2521 2015 haec

417 2054 701 2119 Volscos
748 2053 892 2129 sibi,
927 2053 1037 2117 illa
1085 2052 1403 2137 Aequos;
1449 2055 1692 2138 populo
1742 2056 2049 2119 Romano
2095 2053 2522 2138 tranquillam

418 2175 649 2239 pacem
703 2164 948 2236 agente
1008 2174 1241 2218 omnes
1302 2154 1625 2220 finitimos
1687 2155 1906 2239 subigi
1967 2154 2249 2238 populos
2302 2175 2519 2237 posse.

420 2259 613 2323 Fabii
653 2268 921 2342 postera
960 2258 1067 2322 die
1097 2279 1279 2323 arma
1311 2259 1603 2343 capiunt,
1638 2281 1770 2343 quo
1803 2260 1965 2324 iussi
1996 2268 2186 2323 erant
2219 2259 2529 2323 conveni-

659 2363 914 2427 Consul
960 2363 1313 2446 paludatus
1361 2364 1717 2446 egrediens
1764 2363 1832 2427 in
1877 2363 2210 2427 vestibulo
2248 2372 2525 2446 gentem

419 2487 686 2531 omnem
733 2487 921 2530 suam
965 2466 1294 2531 instructo
1340 2467 1609 2551 agmine
1654 2467 1833 2531 videt
1857 2488 1873 2545 3
1920 2476 2239 2549 acceptus
2283 2465 2351 2529 in
2393 2486 2530 2530 me-

417 2571 600 2634 dium
673 2570 863 2652 signa
921 2570 1080 2635 ferri
1142 2571 1344 2636 iubet.

1461 2573 1843 2654 Numquam
1906 2570 2241 2635 exercitus
2306 2589 2528 2652 neque

418 2674 635 2738 minor
679 2694 956 2738 numero
1004 2694 1222 2758 neque
1268 2675 1505 2739 clarior
1545 2673 1721 2739 fama
1753 2684 1821 2738 et
1852 2674 2289 2738 admiratione
2319 2673 2529 2736 homi-

429 2798 587 2840 num
620 2798 739 2860 per
769 2779 1001 2842 u'rbem
1033 2778 1310 2842 incessit
1338 2800 1352 2842 τ
1416 2799 1531 2842 sex
1564 2789 1632 2843 et
1671 2778 1956 2843 trecenti
1988 2777 2253 2853 militeS,
2288 2796 2527 2841 omnes

419 2880 696 2963 patricii,
730 2900 963 2944 omnes
1017 2881 1215 2945 unius
1269 2883 1513 2965 gentiS,
1556 2902 1835 2966 quorum
1892 2882 2229 2945 neminem
2282 2881 2526 2945 ducem

420 3050 641 3094 sumus,
685 3053 760 3085 we
808 3035 924 3084 will
969 3045 1293 3100 guarantee,·
1352 3054 1422 3087 no

418 3103 578 3154 doubt
599 3118 697 3151 one
720 3103 779 3151 of
807 3103 894 3151 the
929 3103 1125 3153 earliest
1158 3104 1422 3167 meanings

418 3169 477 3218 of
504 3176 697 3217 auctor.
716 3195 784 3204 -
800 3168 906 3217 ibi:
948 3169 1025 3218 i.e.
1052 3170 1201 3233 apud
1223 3171 1418 3220 Fabios.

483 3248 530 3296 9.
571 3243 851 3292 nostrum,
876 3241 1000 3284 ete.:
1038 3235 1158 3284 here
1182 3252 1257 3284 we
1289 3236 1418 3285 have

417 3316 448 3350 a
483 3300 689 3349 favorite
726 3300 877 3349 Latin
912 3301 1163 3365 emphasis
1202 3318 1268 3351 on
1303 3306 1450 3366 pro-⁶

418 3382 596 3424 nouns,
619 3366 783 3415 which
817 3367 955 3428 gives
988 3368 1075 3415 the
1111 3366 1262 3426 soree,
1290 3368 1419 3417 ‘this

417 3448 517 3481 our
548 3448 660 3480 own
689 3433 933 3481 domestic
966 3448 1083 3491 war,
1107 3449 1180 3482 we
1201 3449 1419 3497 purpose

417 3504 471 3546 to
495 3513 633 3559 carry
647 3514 714 3546 on
738 3514 794 3547 as
817 3498 972 3548 such.’
990 3499 1210 3549 —illicz
1250 3515 1332 3549 ae.
1359 3500 1421 3548 in

418 3579 470 3611 eo
494 3563 627 3611 bello.

586 3677 791 3725 MAch
825 3690 894 3726 01²¹
935 3690 1050 3726 THE
1083 3679 1253 3727 FAnn.

486 3753 586 3809 49.
631 3771 674 3805 2.
716 3759 768 3808 si
805 3759 950 3809 sint:
999 3774 1086 3807 see
1121 3759 1205 3808 Gr.
1242 3758 1352 3822 308.
1380 3777 1420 3809 e.

418 3846 487 3858 —
509 3830 763 3885 postera:
803 3823 889 3871 the
924 3825 1133 3888 reading
1166 3826 1423 3889 approved

1522 3039 1575 3088 in
1598 3039 1698 3089 this
1719 3053 1948 3103 passage,
1963 3045 2194 3101 contrary
2215 3043 2269 3086 to
2292 3037 2380 3087 the
2403 3052 2529 3100 gen-

1523 3105 1627 3154 eral
1650 3106 1869 3169 practice
1894 3103 1954 3153 os
1972 3104 2111 3167 Livy.

1589 3183 1635 3233 3.
1668 3171 1999 3236 paludatus:
2039 3169 2126 3218 the
2165 3168 2364 3233 regular
2402 3183 2527 3231 gen-

1523 3237 1666 3286 eral’s
1683 3237 1820 3296 robe,
1834 3252 1889 3285 as
1907 3237 1960 3285 in
1978 3252 2009 3285 a
2025 3235 2203 3284 formal
2220 3250 2338 3293 war,
2356 3234 2530 3283 marks

1521 3303 1608 3352 the
1641 3302 1905 3366 solemnity
1939 3301 1999 3351 os
2031 3301 2118 3350 the
2153 3301 2416 3359 occasion;
2460 3299 2526 3349 cf.

1521 3369 1564 3417 1.
1603 3368 1682 3418 26.
1720 3382 1766 3427 2,
1789 3369 1971 3427 where,
1995 3367 2245 3425 however,
2268 3367 2356 3415 the
2386 3367 2529 3415 word

1521 3434 1563 3483 is
1598 3436 1721 3483 used
1755 3434 1815 3483 of
1847 3450 1878 3483 a
1900 3433 2265 3483 subordinate’s
2287 3432 2442 3481 dress.
2460 3458 2529 3468 —

1521 3501 1579 3549 in
1635 3500 1949 3549 vestibulo:
2010 3497 2430 3562 unquestionably
2474 3497 2528 3546 in

1520 3566 1725 3615 ancient
1761 3565 1906 3614 times
1944 3581 1975 3614 a
2009 3564 2148 3627 large
2182 3563 2435 3612 forecourt
2469 3578 2527 3611 or

1521 3631 1829 3692 ‘dooryard’
1869 3631 1922 3679 in
1964 3630 2098 3679 front
2137 3629 2195 3679 of
2229 3630 2316 3678 the
2347 3628 2526 3688 house,

1520 3695 1611 3745 but
1650 3696 1702 3744 in
1747 3695 1813 3745 all
1852 3696 1939 3744 the
1986 3697 2186 3744 Roman
2229 3695 2416 3743 houses
2449 3710 2526 3742 we

1520 3761 1689 3819 knoW,
1730 3776 1788 3809 so
1838 3761 2060 3811 dwarfed
2112 3777 2167 3810 as
2212 3767 2266 3809 to
2310 3760 2526 3809 become

1523 3825 1640 3889 only
1683 3842 1715 3875 a
1759 3826 1886 3877 little
1941 3842 2104 3876 recess
2159 3833 2211 3876 at
2255 3826 2343 3875 the
2390 3826 2526 3874 front
