2792 4316
278 325 474 374 Cffloes,
500 336 580 390 57,
605 324 712 390 58]
1296 327 1476 375 LIVY.

278 488 517 551 mortis
555 488 822 571 quidem
860 497 1047 552 metu
1084 479 1406 566 inclinari,
1440 489 1623 554 addit
1656 492 1739 555 ad
1772 500 2026 555 metum
2059 493 2387 558 dedecus:

278 613 432 656 cum
477 602 740 656 mortua
769 592 1137 675 iugulatum
1174 613 1438 656 servum
1473 594 1724 658 nudum
1758 595 2128 678 positurum
2165 597 2278 674 ait,
2313 607 2389 662 ut

277 698 347 760 in
394 697 661 761 sordido
707 696 1030 760 adulterio
1078 706 1315 760 necata
1361 697 1637 761 dicatur.
1734 698 1885 781 Quo
1933 710 2187 765 terrore
2231 723 2385 766 cum
2431 728 2461 777 5

274 802 552 866 vicisset
599 802 1003 865 obstinatam
1050 802 1436 883 pudicitiam
1480 803 1662 866 velut
1708 803 1946 867 victrix
1991 804 2212 881 libid0,
2247 827 2390 888 pro-

274 906 631 988 fectusque
664 905 818 970 inde
850 905 1250 989 Tarquinius
1283 907 1470 970 ferox
1501 917 1880 990 expugnato
1921 910 2164 973 decore
2203 910 2390 974 muli-

276 1010 421 1073 ebri
453 1019 653 1086 esset,
693 1011 1007 1075 Lucretia
1037 1021 1294 1074 maesta
1323 1021 1514 1075 tanto
1548 1012 1721 1075 malo
1754 1012 2062 1075 nuntium
2099 1010 2386 1077 Romam

277 1115 566 1177 eundem
613 1115 694 1177 ad
744 1124 997 1197 patrem
1032 1115 1462 1197 Ardeamque
1503 1116 1587 1178 ad
1619 1115 1831 1178 virum
1865 1116 2090 1191 mittit,
2127 1127 2200 1180 ut
2235 1138 2385 1181 cum

278 1217 564 1300 singulis
603 1218 908 1282 fidelibus
945 1218 1176 1281 amicis
1206 1219 1521 1296 veniant3
1567 1218 1661 1282 ita
1701 1219 1883 1283 facto
1922 1229 2387 1303 maturatoque

278 1342 447 1404 opus
480 1341 649 1397 esse,
684 1341 823 1384 rem
856 1331 1148 1386 atrocem
1183 1321 1519 1386 incidisse.

369 1424 653 1507 Spurius
694 1425 1048 1489 Lucretius
1093 1447 1242 1489 cum
1284 1426 1351 1490 P.
1388 1426 1673 1501 Valerio,
1707 1426 1940 1489 Volesi
1978 1427 2134 1502 filio,
2171 1427 2384 1491 Colla-

278 1528 461 1592 tinus
504 1548 657 1591 cum
693 1529 768 1592 L.
808 1529 999 1592 Iunio
1044 1530 1251 1592 Bruto
1283 1530 1493 1605 venit,
1523 1550 1674 1593 cum
1712 1550 1843 1613 quo
1884 1529 2059 1594 forte
2101 1532 2385 1594 Romam

279 1632 545 1696 rediens
598 1633 683 1695 ab
738 1633 973 1695 nuntio
1028 1633 1247 1696 uxoris
1302 1643 1443 1697 erat
1499 1643 1886 1698 conventus,
1999 1635 2386 1699 Lucretiam

280 1738 625 1799 sedentem
653 1745 975 1799 maestam
1001 1736 1070 1799 in
1094 1736 1401 1801 cubiculo
1433 1737 1800 1802 inveniunt.
1895 1737 2217 1802 Adventu
2243 1760 2387 1802 suo-

280 1861 428 1903 rum
476 1839 788 1903 lacrimae
834 1841 1122 1915 obortae,
1157 1841 1634 1924 quaerentique
1665 1841 1807 1904 viro
1845 1841 2071 1905 ‘Satin
2123 1843 2302 1906 salve
2324 1844 2347 1905 ?
2369 1841 2383 1867 ’

284 1942 636 2006 ‘Minime'
696 1942 950 2025 inquit;
1004 1943 1195 2026 ‘quid
1242 1944 1420 2007 enim
1469 1944 1634 2007 salvi
1676 1954 1778 2007 est
1836 1945 2096 2008 mulieri
2142 1946 2388 2009 amissa

279 2046 646 2130 pudicitia?
708 2046 994 2128 vestigia
1039 2043 1162 2110 viri
1211 2048 1426 2123 alieni,
1481 2048 1830 2124 Collatine,
1885 2048 1953 2111 in
2005 2049 2178 2113 lecto
2227 2059 2386 2113 sunt

278 2160 413 2215 tu0.
512 2151 828 2215 Ceterum
877 2172 1116 2233 corpus
1162 2162 1266 2215 est
1313 2162 1574 2216 tantum
1615 2152 1951 2228 violatum,
1986 2153 2248 2217 animus
2296 2153 2389 2217 in-

280 2276 475 2320 sons:
507 2276 683 2319 mors
716 2255 913 2319 testis
945 2255 1087 2319 erit.
1172 2256 1308 2320 Sed
1339 2258 1494 2319 date
1527 2257 1791 2320 dextras
1826 2257 2177 2339 fidemque,
2208 2259 2383 2321 haud

280 2359 555 2441 impune
601 2360 901 2423 adultero
945 2360 1104 2424 fore.
1203 2360 1352 2424 Sex.
1405 2370 1508 2423 est
1554 2360 1957 2443 Tarquinius
1995 2360 2125 2443 qui,
2167 2361 2383 2425 hostis

280 2484 400 2545 pro
438 2462 721 2545 hospite,
756 2463 972 2545 priore
1014 2473 1214 2527 nocte
1244 2463 1310 2526 vi
1341 2473 1636 2527 armatus
1667 2464 1830 2527 mihi
1863 2464 2140 2547 sibique,
2178 2464 2233 2528 si
2265 2487 2384 2529 vos

279 2566 403 2629 viri
441 2566 625 2642 estiS,
660 2567 1054 2649 pestiferum
1093 2568 1247 2631 hinc
1296 2568 1572 2631 abstulit
1615 2567 1969 2650 gaudium.'
2066 2569 2247 2632 Dant
2291 2590 2387 2631 or-

278 2671 436 2733 dine
468 2691 701 2733 omnes
748 2671 967 2745 fidem,
1004 2671 1435 2734 consolantur
1464 2692 1731 2754 aegram
1778 2672 1982 2735 animi
2028 2674 2389 2736 avertendo

278 2795 522 2838 noxam
559 2775 643 2838 ab
676 2783 906 2838 coacta
944 2774 1012 2837 in
1051 2785 1391 2838 auctorem
1437 2775 1701 2839 delicti:
1746 2785 2042 2839 mentem
2090 2796 2385 2858 peccare,

278 2899 418 2940 non
466 2898 725 2960 corpus,
771 2887 858 2953 et,
900 2880 1078 2942 unde
1125 2879 1476 2943 consilium
1523 2879 1789 2954 afuerit,
1825 2881 2085 2962 culpam
2133 2881 2389 2944 abesse.

2401 329 2490 382 143

277 3030 526 3094 properly,
545 3038 660 3080 turn
681 3031 773 3080 her
796 3032 934 3080 mind
960 3033 1011 3080 in
1036 3032 1102 3081 all
1125 3032 1283 3081 direc-

278 3098 414 3145 tions
448 3103 500 3145 to
534 3097 654 3145 look
686 3105 738 3146 at
761 3105 1047 3161 arguments
1070 3098 1196 3147 from
1220 3098 1287 3147 all

276 3164 429 3212 sides.

345 3241 394 3287 4.
431 3229 688 3278 sordido:
728 3245 783 3277 as
808 3230 965 3292 being
994 3230 1286 3279 committed

277 3294 400 3342 with
425 3310 455 3342 a
477 3310 595 3342 man
620 3294 677 3342 of
705 3295 800 3343 low
823 3303 997 3345 estate.

349 3371 392 3423 5.
431 3374 545 3422 quo
576 3369 809 3410 terrore:
855 3361 917 3409 cf.
952 3361 1047 3409 hac
1061 3361 1286 3428 fiducia,

279 3438 359 3487 30.
385 3439 429 3485 ·4
447 3442 495 3474 n.
513 3428 774 3475 —velutt
814 3427 1026 3476 because
1062 3429 1148 3476 the
1184 3429 1285 3476 vic-

278 3498 390 3552 tory
423 3507 523 3539 was
564 3498 653 3540 not
693 3509 722 3540 a
761 3493 864 3541 real
905 3494 1286 3552 one—ferox,

277 3558 524 3614 exultant,
544 3573 597 3605 as
621 3558 775 3607 often.
794 3584 857 3594 --
873 3560 1154 3617 nuntium,
1175 3576 1288 3607 mes·

276 3638 404 3685 sage.
433 3650 498 3658 —
522 3623 670 3671 facto
697 3641 708 3671 ε
747 3640 831 3672 see
864 3624 948 3673 Gr.
978 3637 1090 3685 ²92·
1114 3626 1154 3673 b.

348 3688 394 3736 6.
431 3689 645 3745 nuntio,
675 3705 958 3753 messenger.

349 3766 393 3815 7.
431 3754 609 3802 satin:
652 3755 919 3819 colloquial
950 3755 1076 3804 form
1106 3755 1183 3804 for
1207 3772 1286 3804 sa·

275 3819 408 3869 tisne
435 3819 549 3884 (Gr.
590 3832 663 3868 10.
688 3836 714 3868 c
743 3823 844 3870 and
875 3834 948 3871 11.
971 3822 1014 3870 b.
1033 3823 1111 3885 3).
1175 3822 1288 3871 The

1387 3035 1525 3082 word
1559 3033 1756 3097 implies
1785 3049 1815 3081 a
1841 3033 1991 3095 slight
2015 3034 2173 3082 doubt
2200 3035 2394 3083 natural

1387 3101 1547 3148 under
1577 3100 1663 3148 the
1692 3099 2088 3148 circumstances.
2113 3127 2180 3136 —
2203 3101 2358 3149 salve
2379 3117 2391 3147 z

1386 3182 1448 3212 sc.
1473 3166 1582 3229 agis
1604 3181 1660 3213 or
1682 3180 1761 3213 res
1789 3182 1836 3212 se
1855 3166 2049 3213 habent.
2116 3165 2226 3213 The
2247 3166 2393 3213 omis-

1386 3231 1499 3279 sion
1533 3230 1591 3279 of
1630 3231 1715 3279 the
1748 3231 1868 3279 verb
1902 3231 1943 3278 is
1978 3231 2175 3293 regular
2209 3231 2260 3279 in
2295 3231 2395 3279 this

1388 3297 1655 3360 colloquial
1690 3297 1992 3361 expression,
2021 3296 2307 3360 equivalent
2342 3304 2393 3344 to

1388 3364 1519 3410 Does
1533 3363 1610 3409 all
1612 3379 1676 3425 go
1689 3363 1841 3411 well?
1853 3390 1914 3397 -
1932 3363 2124 3411 testis:
2149 3363 2224 3410 τῖε.
2242 3363 2350 3410 that
2368 3362 2392 3410 I

1386 3429 1544 3490 speak
1563 3429 1647 3477 the
1664 3429 1810 3476 truth.
1828 3429 2139 3491 —impune
2157 3446 2168 3476 ε
2191 3429 2393 3486 adverb,

1388 3509 1444 3542 as
1483 3494 1536 3541 in
1575 3495 1661 3542 the
1707 3495 1913 3558 phrases
1958 3495 2076 3541 bene
2120 3509 2228 3552 esse,
2264 3494 2394 3542 male

1388 3575 1497 3616 esse,
1522 3561 1621 3608 and
1646 3560 1732 3607 the
1757 3559 1875 3607 like.

1456 3625 1502 3674 8.
1539 3625 1788 3688 sibique:
1841 3625 2168 3673 conditioned
2200 3624 2266 3687 by
2306 3625 2392 3673 the

1388 3690 1647 3753 following
1669 3691 1849 3738 clause.

1456 3770 1503 3816 9.
1544 3757 1756 3813 ordine,
1804 3757 1863 3803 in
1909 3763 2049 3804 turn.
2074 3783 2141 3792 —
2164 3770 2392 3818 aegram

1390 3823 1594 3871 animi:
1634 3822 1695 3870 cf.
1723 3823 1945 3869 incertus
1965 3823 2155 3880 animi,
2184 3835 2226 3885 7.
2252 3824 2296 3870 6.
