2792 4316
302 324 398 373 212

302 706 380 762 84

409 488 751 551 Romanae
782 487 851 551 in
884 489 1114 552 urbem
1142 500 1450 572 sumptus
1480 489 1700 553 funeri
1732 488 1961 553 defuit.

404 591 593 673 plebs
632 591 1052 655 sextantibus
1085 593 1366 656 conlatis
1401 593 1468 655 in
1502 594 1735 675 capita.

1323 324 1503 373 LIVY.

2219 323 2411 388 [Boon
2438 323 2514 374 11.

2059 488 2319 551 Extulit
2355 508 2514 552 eum

502 695 832 759 Consules
871 696 1111 759 deinde
1151 696 1226 760 T.
1267 696 1614 779 Geganius
1651 697 1715 761 P.
1757 697 2095 761 Minucius
2126 694 2305 761 facti.
2408 697 2516 760 Eo

403 819 581 862 anno
628 820 778 863 curn
827 810 892 863 et
940 800 1102 864 foris
1149 800 1376 883 quieta
1423 801 1646 864 omnia
1683 822 1723 864 a
1760 801 1933 864 bello
1966 809 2193 863 essent
2228 810 2294 863 et
2329 800 2515 863 dorni

406 913 639 967 sanata
685 904 1028 979 discordia,
1067 905 1243 968 aliud
1297 906 1507 968 multo
1557 905 1824 987 gravius
1872 905 2114 968 malum
2163 903 2513 967 civitatem

334 1032 362 1063 2
411 1007 669 1082 invasit,
705 1008 945 1071 caritas
992 1008 1276 1090 primum
1325 1029 1631 1072 annonae
1672 1029 1752 1072 ex
1784 1008 2053 1072 incultis
2086 1028 2205 1090 per
2235 1009 2517 1071 secessi·

406 1131 598 1174 onem
655 1111 870 1194 plebis
925 1112 1118 1194 agris,
1169 1112 1382 1176 fames
1437 1113 1697 1188 deinde,
1737 1100 1968 1195 qualis·
2003 1112 2244 1175 clausis
2297 1112 2471 1175 solet
2498 1132 2515 1188 3

331 1237 361 1283 3
408 1224 814 1298 ventumque
867 1217 951 1279 ad
1001 1216 1343 1280 interitum
1402 1217 1816 1280 servitiorum
1868 1216 2099 1299 utique
2159 1226 2226 1278 et
2288 1215 2514 1297 plebis

405 1328 604 1395 esset,
647 1319 716 1381 ni
763 1321 1071 1383 consules
1120 1320 1570 1402 providissent
1616 1320 1908 1383 dimissis
1955 1320 2201 1401 passim
2247 1319 2334 1382 ad
2378 1317 2517 1382 fru-

406 1432 706 1486 mentum
762 1424 1199 1487 coemendum
1262 1444 1396 1486 non
1451 1424 1518 1486 in
1550 1496 1554 1500 ,
1586 1424 1921 1487 Etruriam
1984 1425 2197 1498 mod0,
2255 1424 2513 1487 dextris

405 1528 488 1590 ab
538 1527 733 1590 Ostia
778 1527 1100 1603 litoribus,
1136 1528 1457 1609 laevoque
1499 1548 1618 1610 per
1647 1527 1930 1591 Volscos
1974 1527 2137 1591 mari
2179 1547 2394 1610 usque
2427 1528 2515 1590 ad

408 1630 673 1706 Cumas,
710 1632 829 1694 sed
875 1632 1249 1714 quaesitum
1299 1632 1368 1694 in
1420 1631 1715 1696 Siciliam·
1763 1652 2064 1715 quoque:
2109 1632 2275 1694 adeo
2313 1631 2516 1711 finiti-

331 1759 362 1802 4
404 1755 659 1797 morum
686 1735 836 1798 odia
858 1735 1237 1817 longinquis
1264 1745 1624 1818 coegerant
1659 1735 1958 1818 indigere
1988 1735 2263 1799 auxiliis.

2347 1736 2404 1797 F
2411 1756 2517 1798 ru-

406 1849 705 1901 mentum
756 1838 987 1902 Cumis
1034 1860 1185 1902 cum
1232 1849 1614 1921 coemptum
1662 1849 1860 1914 esset,
1896 1859 2099 1903 naves
2146 1859 2266 1921 pro
2312 1839 2513 1903 bonis

405 1942 916 2025 Tarquiniorum
971 1943 1054 2005 ab
1110 1942 1544 2006 Aristodemo
1594 1952 1898 2028 tyrann0‚
1934 1943 2046 2025 qui
2095 1943 2290 2006 heres
2345 1952 2511 2019 erat,

404 2055 710 2109 retentae
748 2055 922 2110 sunt.

1023 2047 1101 2110 In
1134 2046 1401 2110 Volscis
1438 2047 1923 2130 Pomptinoque
1955 2067 2041 2110 ne
2074 2047 2205 2110 emi
2238 2047 2510 2130 quidem

405 2150 621 2233 potuit
648 2173 662 2228 ;
710 2150 1077 2233 periculum
1112 2172 1374 2235 quoque
1406 2152 1490 2215 ab
1520 2151 1776 2234 impetu
1808 2150 2149 2215 hominum
2183 2150 2347 2233 ipsis
2378 2151 2515 2215 fru-

331 2277 361 2324 5
409 2256 895 2319 mentatoribus
920 2255 1064 2319 fuit.

406 2379 485 2422 eo
520 2369 899 2423 sustentata
934 2370 1038 2423 est
1070 2359 1276 2442 plebS.

1165 2258 1267 2319 Ex
1299 2256 1545 2320 Tuscis
1577 2256 1992 2319 frumentum
2025 2256 2252 2319 Tiberi
2282 2255 2473 2319 venit
2499 2278 2513 2320 ε

1376 2360 1811 2423 Incommodo
1842 2359 2016 2423 bello
2057 2359 2126 2422 in
2158 2368 2297 2423 tam
2345 2360 2513 2423 artis

404 2464 886 2527 commeatibus
939 2464 1159 2527 vexati
1213 2463 1455 2538 forent,
1507 2464 1576 2526 ni
1621 2464 1906 2527 Volscos
1968 2463 2095 2526 iam
2159 2473 2514 2528 moventes

330 2579 360 2624 6
402 2587 584 2630 arma
629 2568 1014 2649 pestilentia
1060 2568 1298 2650 ingens
1345 2567 1720 2632 invasisset.

1818 2568 1918 2631 Ea
1964 2567 2150 2631 clade
2195 2568 2517 2631 conterri-

404 2671 491 2734 tis
538 2671 829 2734 hostium
877 2672 1135 2746 animis,
1182 2681 1255 2734 ut
1303 2672 1505 2735 etiam
1554 2671 1667 2734 ubi
1715 2691 1794 2735 ea
1843 2670 2207 2734 remisisset
2255 2680 2515 2736 terrore

403 2775 621 2857 aliquo
669 2784 1079 2851 tenerentur,
1122 2782 1190 2838 et
1237 2775 1515 2838 Velitris
1567 2795 1808 2840 auxere
1855 2794 2204 2838 numerum
2251 2775 2515 2839 colono·

399 2965 599 3025 agreed.
616 2992 683 3001 —
701 2964 925 3015 extulit:
965 2964 1028 3014 cf.
1068 2966 1257 3032 efferri,
1282 2965 1327 3015 8.
1357 2966 1405 3016 8.

397 3030 506 3078 The
532 3030 633 3078 first
667 3031 810 3094 place
843 3032 882 3078 is
908 3032 1056 3093 given
1080 3039 1133 3081 to
1158 3033 1243 3080 the
1271 3034 1406 3081 word

399 3095 465 3157 by
510 3112 539 3144 a
596 3097 863 3145 rhetorical
919 3097 1196 3160 emphasis:
1259 3099 1407 3147 ‘This

398 3169 538 3223 great
572 3162 863 3211 benefactor
901 3163 1075 3211 hadn't
1116 3179 1298 3225 money
1331 3164 1408 3212 for

399 3227 477 3275 his
511 3227 725 3284 funeral;
769 3228 834 3275 he
860 3244 965 3275 was
987 3229 1174 3277 buried
1189 3230 1282 3291 by,’
1309 3238 1406 3279 ete.

396 3320 464 3329 —
479 3295 860 3343 sextantibus:
892 3309 921 3341 a
940 3293 1063 3342 little
1085 3311 1271 3359 copper
1292 3296 1407 3344 coin

397 3360 556 3408 worth
593 3360 840 3407 one-sixth
880 3360 938 3407 of
967 3361 1052 3408 the
1076 3378 1145 3419 as,
1170 3362 1259 3409 but
1284 3363 1407 3410 used

398 3425 516 3473 here
541 3432 593 3473 to
618 3440 814 3488 express
832 3426 964 3474 what
982 3434 1113 3475 must
1128 3428 1256 3475 have
1274 3429 1406 3476 been

397 3497 449 3539 at
484 3491 570 3539 the
604 3491 725 3538 time
760 3491 978 3540 referred
1014 3499 1066 3541 to
1098 3509 1127 3540 a
1150 3493 1292 3556 piece
1323 3496 1408 3556 (or

397 3555 629 3618 amount)
682 3556 740 3604 of
791 3572 977 3621 copper
1033 3559 1235 3620 merely.
1256 3561 1405 3608 —in

396 3623 610 3684 capita:
651 3622 737 3670 the
767 3638 853 3670 use
889 3623 946 3670 of
974 3624 1060 3671 the
1096 3625 1407 3688 preposition

396 3687 449 3732 in
474 3687 571 3734 this
597 3686 807 3734 formula
831 3704 999 3735 comes
1023 3688 1150 3736 from
1182 3691 1267 3738 the
1291 3690 1407 3738 idea

397 3749 456 3794 of
485 3757 798 3807 assessment‚
825 3752 1043 3798 wherein
1078 3754 1164 3803 the
1199 3762 1407 3802 amount

396 3811 439 3858 is
462 3816 476 3838 ‘
494 3812 726 3874 imposed
750 3829 887 3876 upon
902 3816 913 3838 '
940 3816 1027 3862 the
1057 3819 1403 3867 contributors.

1565 2955 1826 3006 Scncrrv
1860 2969 1929 3005 or
1961 2957 2130 3006 Foon.
2197 2957 2451 3006 V1ouzm=

1654 3023 1862 3072 SPEECH
1896 3035 1965 3072 ot·-
1998 3023 2356 3072 ComoLANUS.

1569 3095 1668 3151 34.
1718 3112 1763 3149 2.
1798 3099 2027 3155 clausis,
2063 3115 2095 3147 a
2142 3100 2241 3161 city
2287 3099 2516 3164 besieged,

1501 3165 1672 3213 whose
1708 3166 2157 3214 communications
2190 3180 2275 3213 are
2311 3173 2396 3214 cut
2433 3165 2514 3214 off.

1571 3244 1617 3293 3.
1653 3231 1927 3280 Volscos:
1981 3231 2122 3279 these
2169 3232 2424 3280 extended
2463 3239 2517 3280 to

1503 3296 1590 3344 the
1630 3312 1738 3354 sea;
1782 3297 1846 3345 cf.
1896 3298 2054 3346 Volsci
2089 3298 2333 3355 Antiates,
2359 3309 2441 3359 33.
2468 3311 2516 3359 9.

1503 3363 1940 3425 ——quaesitumr
1980 3362 2173 3427 supine.

1568 3443 1615 3488 4.
1651 3443 1753 3492 pro
1799 3429 1982 3486 bonis,
2023 3430 2083 3477 in
2117 3435 2368 3492 payment
2404 3430 2517 3495 sor,

1503 3495 2093 3544 etc—Aristodemo:
2149 3495 2210 3543 cf.
2255 3507 2332 3542 21.
2378 3507 2422 3559 5.
2449 3521 2517 3531 —-

1504 3561 1838 3624 Pomptino:
1865 3576 1927 3609 sc.
1953 3577 2091 3624 agro.
2106 3587 2173 3596 —
2189 3562 2406 3610 Tiberi:
2433 3566 2516 3612 tle.

1502 3626 1621 3687 they
1655 3642 1782 3674 were
1818 3633 1909 3674 not
1939 3627 2158 3689 obliged,
2193 3641 2249 3674 as
2282 3627 2334 3675 in
2367 3627 2517 3676 other

1503 3707 1656 3749 cases,
1683 3699 1733 3740 to
1757 3707 1823 3753 go
1848 3692 1912 3754 by
1934 3708 2032 3741 sea.

1569 3757 1615 3804 6.
1650 3757 1910 3806 Velitris:
1964 3757 2026 3806 cf.
2074 3770 2153 3820 31.
2205 3772 2252 3819 4.
2284 3759 2514 3808 —Nor·

1500 3821 1662 3869 bam:
1708 3822 1760 3869 in
1806 3823 1892 3871 the
1927 3823 2165 3872 Volscian
2210 3825 2515 3884 mountainS,
