2792 4316
319 319 420 370 250

321 1324 398 1381 52

1342 323 1526 373 LIVY.

2243 321 2430 385 [Boon
2453 322 2531 371 11.

421 484 571 550 luce
617 495 764 550 orta
812 486 1115 550 nonnihil
1165 496 1233 550 et
1283 487 1600 570 hesterna
1639 486 1962 551 felicitate
2008 507 2273 569 pugnae
2316 486 2528 561 ferox,

423 589 635 672 magis
685 599 910 653 tamen
961 592 1139 673 quod
1187 591 1410 672 inopia
1458 589 1777 653 frumenti
1825 592 2126 673 quamvis
2173 591 2241 652 in
2285 590 2533 672 praeci·

423 693 604 774 pitia,
640 695 796 757 dum
846 694 1164 757 celeriora
1209 704 1458 767 essent,
1494 695 1735 776 agebat
1785 694 2080 769 consilia,
2123 702 2377 757 temere
2424 695 2534 757 ad-

351 813 378 856 s
425 817 618 860 verso
646 798 942 861 Ianiculo
973 799 1056 861 ad
1079 808 1301 861 castra
1326 798 1617 860 hostium
1644 798 1855 861 aciem
1881 799 2109 872 erexit,
2131 795 2532 879 foediusque

423 900 577 965 inde
622 901 853 983 pulsus
897 923 1095 984 quam
1144 901 1354 983 pridie
1401 903 1765 983 pepulerat,
1802 901 2186 964 interventu
2234 901 2533 984 collegae

349 1029 379 1072 9
426 1004 570 1086 ipse
597 1005 1060 1087 exercitusque
1085 1016 1188 1069 est
1218 1015 1536 1068 servatus,

1630 1005 1818 1091 inter
1837 1007 2002 1068 duas
2026 1005 2204 1069 acies
2233 1006 2526 1080 Etrusci,

423 1129 575 1171 cum
608 1109 676 1171 in
708 1110 922 1172 vicem
957 1109 1060 1171 his
1104 1119 1305 1191 atque
1342 1108 1475 1172 illis
1521 1117 1713 1191 terga
1757 1111 2012 1184 darent,
2048 1109 2395 1172 occidione
2426 1130 2532 1173 oc-

423 1212 558 1276 cisi.

657 1213 764 1276 Ita
795 1233 1185 1295 oppressum
1218 1212 1604 1277 temeritate
1636 1212 1815 1276 felici
1845 1212 2103 1276 Veiens
2135 1213 2404 1277 bellum.

519 1317 689 1380 Vrbi
721 1337 873 1381 cum
908 1336 1069 1398 pace
1100 1317 1308 1379 laxior
1344 1316 1547 1380 etiam
1587 1337 1855 1380 annona
1895 1317 2093 1380 rediit
2134 1325 2203 1379 et
2244 1318 2531 1381 advecto

424 1442 507 1485 ex
537 1421 902 1502 Campania
948 1421 1289 1483 frumento
1337 1429 1426 1496 et,
1462 1429 1816 1503 postquam
1864 1420 2067 1484 timor
2110 1420 2237 1484 sibi
2284 1421 2529 1504 cuique

422 1526 687 1589 futurae
734 1524 996 1605 inopiae
1041 1524 1225 1599 abiit,
1276 1544 1358 1587 eo
1400 1525 1577 1607 quod
1623 1524 1923 1588 abditum
1969 1525 2190 1588 fuerat
2245 1525 2524 1606 prolato,

351 1660 381 1692 2
429 1631 531 1693 Ex
580 1628 770 1710 copia
815 1628 1057 1692 deinde
1105 1629 1376 1711 otioque
1425 1628 1729 1693 lascivire
1766 1649 1996 1692 rursus
2028 1628 2232 1691 animi
2264 1637 2332 1692 et
2365 1629 2531 1710 pris-

422 1734 564 1799 tina
607 1734 797 1808 mala,
835 1743 1186 1814 postquam
1220 1732 1383 1796 foris
1418 1734 1710 1808 deerant,
1745 1732 1924 1795 domi
1956 1752 2290 1814 quaerere.

2387 1732 2531 1795 Tri-

422 1837 584 1901 buni
630 1836 893 1918 plebem
942 1837 1362 1918 agitaresuo
1410 1856 1687 1911 venen0,
1733 1836 1991 1918 agraria
2035 1836 2202 1918 lege,
2252 1836 2322 1897 in
2373 1836 2531 1899 resi-

423 1939 663 2005 stentis
740 1939 1017 2003 incitare
1092 1950 1334 2021 patreS,
1402 1961 1526 2004 nec
1601 1940 1671 2002 in
1734 1941 2080 2003 universos
2143 1940 2340 2002 modo
2408 1940 2529 2002 sed

347 2075 377 2120 3
425 2046 493 2108 in
556 2044 871 2126 singulos.

421 2150 716 2232 agrariae
762 2148 950 2230 legiS,
986 2148 1063 2211 T.
1119 2148 1439 2211 Menenio
1486 2148 1662 2211 diem
1706 2147 1953 2212 dicunt.

972 2042 1051 2126 Q.
1122 2044 1481 2108 Considius
1536 2053 1604 2107 et
1666 2043 1742 2107 T.
1800 2043 2159 2119 Genucius,
2215 2052 2527 2107 auctores

2052 2146 2349 2211 Invidiae
2382 2157 2527 2210 erat

421 2254 740 2317 amissum
793 2252 1147 2316 Cremerae
1195 2252 1616 2334 praesidium,
1660 2274 1811 2316 cum
1870 2253 2046 2316 haud
2092 2252 2321 2334 procul
2369 2252 2528 2315 inde

346 2388 379 2431 4
426 2357 668 2422 stativa
706 2357 937 2420 consul
989 2356 1348 2420 habuisset.

1449 2358 1549 2420 Ea
1594 2357 1945 2437 oppressit,
1986 2377 2134 2419 curn
2184 2366 2252 2419 et
2298 2365 2527 2438 patres

422 2462 597 2524 haud
630 2461 849 2524 minus
883 2482 1079 2543 quam
1113 2481 1233 2542 pro
1268 2460 1621 2524 Coriolano
1653 2461 1868 2523 adnisi
1915 2469 2160 2535 essent,
2198 2470 2264 2523 et
2316 2461 2525 2542 patris

487 2651 530 2702 7.
567 2647 651 2688 et:
689 2638 775 2686 the
793 2636 1082 2686 correlative
1101 2637 1142 2684 is
1160 2636 1417 2701 displaced

417 2704 483 2766 by
523 2705 707 2766 magis
748 2712 957 2753 tamen.
983 2729 1046 2737 —
1072 2711 1293 2752 tamen:
1338 2719 1415 2752 με.

417 2770 611 2831 though
639 2768 912 2817 somewhat
944 2769 1071 2816 from
1105 2769 1417 2826 confidence,

416 2842 500 2898 yet
523 2850 661 2883 more
685 2835 812 2882 from
836 2835 920 2882 the
945 2849 1171 2898 pressure
1207 2834 1263 2882 of
1293 2833 1418 2882 fam·

418 2900 897 2962 ine.-—quamvis‚
924 2907 1054 2948 etc.:
1095 2901 1170 2947 i.e.
1209 2900 1269 2947 in
1305 2916 1418 2947 con·

418 2967 540 3014 silia
566 2967 801 3028 quamvis
815 2967 1127 3029 praecipitia
1153 2965 1293 3024 dum,
1320 2972 1417 3015 etc.

417 3039 721 3079 ——essent:
759 3045 844 3078 see
868 3031 952 3078 Gr.
983 3043 1095 3093 314.

415 3145 588 3194 TR1AL
631 3155 700 3192 or
745 3145 1034 3194 MENENms
1080 3158 1196 3195 ΛΝΒ
1238 3148 1421 3197 SERVI-

853 3222 985 3260 mus,

484 3289 585 3345 52.
622 3292 772 3341 urbi:
813 3308 867 3340 as
892 3295 1119 3357 opposed
1138 3302 1189 3342 to
1202 3296 1419 3345 Veiens

417 3358 644 3407 bellum.
660 3385 728 3394 —
750 3358 954 3408 laxior.
994 3361 1114 3409 with
1150 3362 1235 3410 the
1281 3377 1420 3410 same

419 3424 572 3485 figure
588 3424 693 3472 that
710 3439 784 3472 we
805 3439 890 3472 use
909 3425 999 3472 in‘
1015 3441 1046 3474 a
1068 3427 1198 3488 tight
1215 3443 1418 3490 money·

418 3489 646 3538 market.²
663 3492 1008 3540 ——advectot
1046 3493 1131 3540 the
1158 3493 1310 3540 Tiber
1332 3493 1419 3542 be-

419 3555 507 3617 ing
529 3570 643 3603 now
665 3571 739 3604 re·
743 3559 957 3620 opened.
975 3558 1162 3606 —sibi
1189 3559 1415 3621 cuique,

419 3627 545 3670 etc.-
585 3636 615 3669 a
634 3624 951 3699 compressed
976 3623 1118 3681 form,
1137 3631 1418 3688 represent-

418 3686 505 3747 ing
528 3702 681 3749 quam
717 3688 815 3736 sibi
847 3690 1053 3752 quisque
1086 3691 1335 3738 timuerat
1362 3706 1420 3738 or

417 3752 665 3817 futuram
682 3759 971 3815 putaverat.
984 3755 1311 3803 —futuraez
1353 3755 1416 3804 cf.

418 3816 503 3865 Gr.
543 3828 651 3879 293.
677 3817 718 3867 b.
737 3843 800 3853 -
820 3819 1101 3870 abditum:
1143 3821 1218 3870 i..e
1244 3820 1281 3869 it
1315 3819 1418 3871 had

1519 2637 1652 2685 been
1692 2636 1920 2686 boarded
1954 2637 2081 2685 from
2116 2636 2221 2685 fear
2259 2636 2320 2684 os
2359 2636 2527 2685 future

1518 2710 1668 2760 want,
1694 2703 1781 2751 but
1812 2703 1853 2751 is
1888 2719 2001 2751 now
2034 2702 2253 2765 brought
2290 2703 2398 2750 into
2436 2703 2528 2751 the

1519 2769 1727 2817 market.

1589 2848 1633 2882 2.
1680 2834 1885 2883 animi:
1949 2835 2026 2883 i.e.
2080 2834 2251 2898 plebis.
2290 2861 2359 2870 -
2398 2848 2525 2893 sue,

1521 2900 1655 2949 their
1699 2901 2267 2963 regular.-veneno:
2314 2900 2401 2948 the
2437 2900 2528 2962 fig-

1524 2982 1610 3014 ure
1650 2966 1806 3014 taken
1846 2965 1974 3014 srom
2014 2980 2227 3026 sorcery,
2262 2965 2316 3013 in
2356 2965 2528 3015 which

1523 3033 1675 3094 drugs
1697 3048 1826 3079 were
1852 3034 1974 3081 used
1997 3037 2049 3080 to
2072 3031 2302 3080 bewitch.

1590 3111 1634 3160 3.
1670 3098 1819 3147 diem
1856 3099 2077 3147 dicunt:
2117 3098 2196 3145 i.e.
2224 3112 2279 3144 as
2303 3097 2531 3146 tribunes

1522 3164 1669 3226 bring
1699 3165 1750 3211 in
1785 3179 1815 3212 a
1848 3164 1936 3212 bill
1972 3163 2165 3225 against
2188 3163 2326 3211 them
2348 3163 2528 3211 before

1523 3230 1609 3279 the
1668 3230 1870 3278 comitia
1927 3230 2135 3277 tributa.
2170 3256 2237 3264 —
2276 3229 2528 3278 invidiae

1524 3305 1669 3346 erat:
1711 3297 1787 3344 i.e.
1824 3297 1970 3344 made
2005 3295 2109 3343 him
2141 3295 2529 3358 unpopular.-—

1523 3363 1755 3411 stativa:
1796 3369 1884 3409 not
1907 3361 2196 3409 mentioned
2222 3361 2411 3419 before,
2434 3361 2528 3410 but

1526 3428 1647 3490 Livy
1673 3428 1763 3475 has
1786 3427 2029 3490 probably
2042 3426 2162 3474 here
2188 3426 2422 3488 changed
2447 3427 2529 3475 his

1521 3508 1710 3547 source,
1736 3495 1836 3542 and
1868 3494 1909 3541 is
1937 3492 2193 3553 following
2215 3507 2354 3540 some
2379 3494 2529 3541 other

1522 3560 1785 3620 authority.

1520 3640 1652 3739 1232,
1669 3625 1983 3754 Ῡῑέἳόζξίᾞ
2098 3623 2525 3752 λ”ἔὲέῷεὲῗῆὲῐ

1520 3768 1599 3817 32.
1624 3755 1669 3804 8.
1689 3757 2091 3804 —hauddurnz
2130 3755 2289 3804 found
2322 3754 2443 3819 only
2472 3755 2530 3805 in

1519 3821 1643 3885 Livy
1665 3823 1768 3871 and
1791 3821 1939 3872 Silius
1963 3821 2180 3871 Italicus·
