2792 4316
266 304 464 354 cuns.
494 314 571 368 17,
599 302 702 367 18.]
1274 300 1457 351 LIVY.
2375 304 2466 355 181

262 466 358 530 ita
410 467 518 529 lex
571 466 843 530 iubebat
891 466 976 529 de
1028 465 1354 529 dictatore
1409 466 1696 529 creando
1747 465 1897 530 lata.
1996 467 2098 531 Eo
2152 467 2364 550 magis
2411 480 2442 523 6

260 571 556 634 adducor
600 580 673 633 ut
721 571 988 633 credam
1038 569 1368 645 Larcium,
1403 569 1516 652 qui
1550 571 1914 633 consularis
1948 581 2107 647 erat,
2143 573 2366 653 potius

260 695 461 757 quam
499 673 612 738 Μ’.
646 673 991 737 Valerium
1036 673 1125 737 M.
1164 673 1370 737 filium
1403 673 1638 737 Volesi
1684 683 2016 756 nepotem,
2052 676 2165 758 qui
2212 697 2370 739 non-

260 778 421 841 dum
455 778 688 841 consul
720 777 955 851 fuerat,
991 777 1476 840 moderatorem
1525 787 1593 840 et
1640 777 2036 859 magistrum
2088 780 2368 843 consuli-

261 881 388 945 bus
420 881 840 963 appositum:
885 879 1064 964 quin,
1099 880 1156 944 si
1188 880 1472 943 maxime
1517 900 1601 943 ex
1646 900 1726 944 ea
1767 881 2020 946 familia
2064 883 2196 966 legi
2238 885 2368 949 dic·
2411 909 2442 955 7

261 994 551 1048 tatorem
610 984 879 1059 vellent,
941 993 1198 1066 patrem
1275 983 1487 1074 multo
1564 984 1789 1066 potius
1868 986 1959 1050 M.
2023 987 2366 1052 Valerium

263 1097 611 1170 spectatae
657 1087 925 1150 virtutis
972 1096 1040 1150 et
1086 1086 1502 1151 consularem
1549 1088 1760 1151 virum
1813 1089 2152 1173 legissent.

353 1191 598 1255 Creato
643 1191 971 1254 dictatore
1017 1190 1303 1273 primum
1355 1192 1613 1255 Romae
1659 1203 2012 1276 postquam
2051 1195 2367 1277 praeferri
2415 1206 2443 1250 8

264 1315 534 1359 secures
567 1294 897 1371 viderunt,
932 1315 1215 1378 magnus
1263 1294 1526 1377 plebem
1577 1307 1798 1361 metus
1845 1298 2137 1374 incessit,
2173 1309 2246 1362 ut
2278 1299 2370 1362 in-

265 1399 589 1462 tentiores
645 1406 876 1462 essent
924 1399 1009 1462 ad
1062 1398 1242 1461 dicto
1293 1401 1676 1481 parendum.
1775 1401 2012 1484 Neque
2062 1403 2240 1467 enim
2294 1413 2368 1467 ut

266 1502 332 1565 in
355 1502 762 1578 consulibus,
790 1502 903 1585 qui
928 1502 1069 1584 pari
1096 1512 1432 1585 potestate
1460 1513 1705 1579 essent,
1734 1505 2007 1569 alterius
2032 1507 2365 1583 auxilium,

267 1627 484 1689 neque
531 1605 912 1689 provocatio
951 1616 1112 1682 erat,
1149 1627 1365 1691 neque
1400 1609 1604 1672 ullum
1640 1630 1917 1692 usquam
1953 1610 2082 1673 nisi
2114 1610 2180 1673 in
2214 1632 2372 1675 cura

264 1710 541 1792 parendi
585 1709 923 1773 auxilium.
1017 1710 1283 1775 Sabinis
1331 1711 1533 1776 etiam
1578 1723 1840 1777 creatus
1881 1715 2135 1778 Romae
2167 1714 2369 1779 dicta·
2414 1738 2449 1782 9

263 1823 372 1877 tor
432 1834 512 1877 eo
575 1814 806 1897 magis,
863 1816 1041 1898 quod
1102 1825 1373 1897 propter
1437 1836 1510 1879 se
1570 1827 1865 1881 creatum
1928 1818 2365 1895 crediderant,

263 1928 520 1982 metum
556 1917 853 1982 incussit.
953 1918 1190 2001 Itaque
1222 1918 1483 2002 legatos
1514 1922 1597 1983 de
1628 1940 1792 2002 pace
1825 1921 2116 1986 mittunt.
2211 1922 2370 2005 Qui-
2421 1946 2476 1979 10

263 2024 392 2087 bus
438 2022 783 2086 orantibus
829 2022 1224 2086 dictatorem
1274 2034 1715 2106 senatumque
1769 2034 1842 2088 ut
1895 2025 2157 2089 veniam
2205 2046 2375 2090 erro·

264 2128 357 2191 ris
389 2127 771 2191 hominibus
804 2126 1344 2192 adulescentibus
1378 2128 1633 2205 darent,
1670 2148 2063 2212 responsum
2112 2129 2371 2212 ignosci

262 2233 809 2297 adulescentibus
862 2253 1080 2315 posse,
1130 2233 1405 2297 senibus
1460 2253 1593 2296 non
1648 2253 1864 2315 posse,
1906 2233 2018 2317 qui
2064 2235 2239 2298 bella
2286 2256 2367 2299 ex

264 2336 459 2400 bellis
508 2346 822 2400 sererent.
920 2326 1172 2401 Actum
1222 2346 1451 2400 tamen
1496 2346 1599 2400 est
1632 2338 1715 2399 de
1747 2357 1948 2419 pace;
1996 2337 2370 2420 impetrata·
2422 2363 2474 2396 u

265 2460 396 2523 que
426 2440 621 2515 foret,
658 2440 714 2503 si
744 2440 922 2523 quod
952 2440 1293 2523 impensae
1325 2441 1579 2505 factum
1614 2440 1682 2503 in
1717 2440 1964 2504 bellum
1997 2451 2156 2517 erat,
2191 2463 2374 2524 prae·

267 2554 447 2607 stare
510 2543 931 2608 Sabini—id
985 2544 1163 2608 enim
1219 2545 1629 2627 postulatum
1686 2545 2022 2608 erat—in
2076 2546 2370 2609 animum

268 2746 434 2809 Livy’s
463 2745 604 2795 mind
637 2745 724 2795 the
757 2752 947 2794 senate.
964 2746 1147 2795 —ita:
1188 2747 1266 2795 i.e.
1372 2751 1532 2804 tense,
1573 2760 1658 2794 see
1704 2745 1790 2795 Gr.
1837 2745 1949 2808 308.
1995 2762 2053 2802 a:
2110 2747 2381 2796 voluissent

266 2813 377 2861 that
441 2812 559 2875 only
617 2812 899 2861 ex·consuls
960 2812 1141 2862 should
1203 2813 1267 2860 be
1370 2811 1542 2861 would
1575 2818 1664 2860 not
1708 2811 1858 2860 make
1898 2812 1984 2860 the
2025 2812 2144 2861 time
2189 2828 2247 2861 so
2300 2830 2377 2862 ex-

267 2878 474 2926 chosen.
510 2904 578 2913 —
613 2879 889 2928 creando:
959 2880 1082 2927 used
1133 2894 1268 2927 com·
1373 2878 1504 2940 actly
1529 2878 1870 2926 concomitant
1892 2878 2011 2926 with
2035 2878 2325 2940 legissent.

265 2944 439 3005 monly
478 2942 538 2991 of
574 2959 606 2992 a
635 2943 850 3007 popular
886 2943 1126 3001 election3
1181 2944 1269 2992 the
1439 2943 1487 2993 8.
1533 2944 1824 3006 praeferri:
1885 2959 1916 2992 a
1973 2944 2165 3006 dignity
2209 2945 2376 2994 which

265 3009 465 3071 regular
507 3011 646 3058 word
698 3009 774 3058 for
819 3010 905 3059 the
962 3010 1177 3058 dictator
1228 3010 1270 3058 is
1376 3009 1465 3057 the
1511 3010 1713 3058 consuls
1760 3009 1846 3057 did
1892 3016 1981 3057 not
2018 3009 2165 3072 enjoy
2197 3010 2250 3058 in
2291 3011 2378 3063 the

265 3074 453 3133 dicere,
476 3075 587 3124 said
620 3075 679 3124 of
706 3076 793 3124 the
820 3076 1010 3124 consul.
1376 3075 1491 3137 city,
1515 3075 1580 3138 by
1604 3091 1701 3123 one
1738 3075 1797 3123 of
1825 3075 1911 3123 the
1940 3075 2059 3123 laws
2083 3076 2301 3125 referred
2324 3084 2377 3125 to

334 3140 381 3190 6.
406 3142 838 3200 moderatorem,
858 3148 981 3190 etc.:
1013 3142 1079 3204 by
1101 3140 1275 3203 giving
1374 3139 1428 3188 in
1474 3139 1519 3190 8.
1569 3154 1613 3189 2.
1637 3168 1696 3177 —
1725 3149 1949 3190 essent:
2011 3141 2376 3189 characteristic

266 3206 354 3255 the
380 3207 685 3270 description
710 3207 903 3256 instead
938 3206 998 3255 of
1025 3206 1112 3255 the
1135 3222 1273 3255 mere
1373 3204 1699 3268 subjunctive,
1722 3206 2010 3270 explaining
2023 3207 2136 3270 why
2154 3223 2253 3255 one
2277 3208 2379 3256 had

266 3287 444 3330 names
458 3271 545 3321 the
568 3273 938 3336 improbability
960 3272 1019 3321 of
1046 3289 1076 3321 a
1104 3287 1276 3335 young
1374 3287 1406 3320 a
1427 3279 1544 3320 veto
1568 3289 1686 3321 over
1714 3273 1800 3321 the
1824 3274 1982 3321 other.

264 3339 429 3387 man's
450 3338 604 3400 being
627 3339 815 3387 chosen
837 3340 880 3387 is
901 3338 1120 3401 brought
1143 3346 1244 3386 out.
1439 3351 1487 3397 9.
1521 3339 1887 3396 crediderant,
1920 3338 2029 3385 had
2054 3354 2185 3386 come
2219 3345 2265 3386 to
2304 3338 2377 3387 be-

336 3416 381 3467 7.
419 3404 470 3453 si
504 3405 777 3453 maxime:
820 3403 923 3452 like
948 3420 1038 3452 our
1062 3404 1132 3452 ‘if
1158 3420 1274 3453 ever
1373 3403 1534 3459 lieve,·
1571 3404 1634 3453 cf.
1660 3405 1744 3453 Gr.
1772 3416 1881 3466 279.
1906 3420 1945 3452 e.

265 3485 325 3518 so
358 3469 565 3528 much’3
626 3470 703 3518 i.e.
739 3470 792 3528 if,
821 3485 877 3517 as
910 3470 996 3518 the
1031 3469 1272 3518 historian
1447 3482 1519 3518 ιο.
1555 3478 1831 3519 sererent:
1881 3470 2009 3517 from
2061 3484 2182 3526 serv,
2216 3468 2376 3532 jain:

272 3534 297 3598 (
337 3534 547 3595 robably
560 3535 786 3583 Valerius
804 3536 999 3593 Antias;
1041 3550 1125 3583 see
1149 3536 1272 3583 Intr.
1375 3534 1439 3583 cf.
1479 3551 1641 3583 serere
1685 3534 2046 3599 (certamina),
2088 3547 2129 3582 1.
2168 3549 2219 3596 4,
2251 3534 2380 3583 from

270 3601 303 3650 6
375 3615 502 3662 says,
548 3600 667 3661 they
714 3607 845 3649 must
895 3601 1022 3648 have
1073 3616 1172 3648 one
1222 3600 1281 3649 of
1374 3616 1496 3658 sero,
1519 3616 1635 3649 sow.

267 3665 378 3714 that
412 3664 598 3726 family,
621 3665 707 3713 the
731 3681 827 3713 one
868 3666 1051 3714 named
1089 3672 1275 3715 cannot
1448 3678 1521 3714 11.
1557 3675 1746 3715 actum
1773 3674 1889 3715 est:
1931 3666 2008 3714 i.e.
2035 3666 2152 3728 they
2176 3666 2264 3714 did
2287 3672 2378 3716 not

267 3730 332 3779 be
365 3730 453 3779 the
489 3731 937 3780 one—vellent:
977 3730 1137 3779 forits
1159 3732 1273 3780 sub·
1376 3731 1538 3780 refuse
1563 3738 1615 3780 to
1644 3733 1834 3781 discuss
1862 3738 2031 3789 tenus,
2054 3732 2154 3780 and
2189 3731 2243 3779 in
2278 3731 2379 3781 fact

264 3795 384 3863 ject,
420 3795 483 3846 cf.
528 3796 697 3859 legere,
733 3808 786 3861 5;
846 3796 923 3845 for
967 3798 1121 3846 mood
1172 3798 1276 3846 and
1375 3796 1542 3846 would
1573 3798 1701 3846 have
1736 3799 1882 3847 made
1915 3812 2089 3861 peace,
2126 3797 2179 3856 if,
2203 3804 2381 3847 etc.—
