2792 4316
283 308 377 360 184
1290 310 1472 360 lev.
2209 308 2395 374 [Βοοκ
2419 310 2492 358 11.

309 495 338 543 5
384 473 487 550 tit,
524 474 784 539 cohorti
832 495 1009 552 suae,
1045 495 1242 558 quam
1275 476 1603 540 delectam
1640 495 1910 538 manum
1944 474 2254 558 praesidii
2287 494 2495 539 causa

382 578 557 643 circa
607 599 679 642 se
721 579 1029 655 habebat,
1063 580 1178 643 dat
1228 580 1493 662 signum
1545 589 1618 642 ut
1662 599 1860 662 quem
1913 599 2181 643 suorum
2232 579 2495 661 fugien-

380 691 519 746 tem
550 682 837 746 viderint
871 703 990 766 pro
1022 684 1215 746 hoste
1246 683 1555 748 habeant.
1652 683 1758 746 Ita
1788 692 1973 746 metu
2005 683 2280 765 ancipiti
2312 682 2493 745 versi

306 797 338 842 6
383 807 422 850 a
471 787 635 869 fuga
688 787 976 850 Romani
1030 786 1100 849 in
1150 788 1413 850 hostem
1463 796 1531 851 et
1577 787 1892 850 restituta
1936 787 2130 851 acies,
2226 786 2491 851 Cohors

380 890 724 954 dictatoris
756 901 900 955 tum
934 892 1221 973 primurn
1256 891 1581 973 proelium
1615 891 1778 955 iniit.
1877 890 2169 973 Integris
2203 891 2492 973 corpori-

305 1017 336 1063 7
384 995 510 1059 bus
556 994 927 1078 animisque
974 995 1193 1059 fessos
1236 995 1453 1058 adorti
1501 995 1762 1058 exsules
1806 995 2110 1059 caedunt.
2207 995 2311 1058 Ibi
2361 996 2493 1059 alia

379 1098 556 1162 inter
602 1119 910 1180 proceres
962 1108 1191 1163 coorta
1246 1119 1493 1182 pugna.
1586 1099 1958 1181 Imperator
2015 1098 2320 1173 Latinus,
2374 1099 2490 1162 ubi

381 1204 723 1267 cohortem
751 1203 1050 1267 exsulum
1077 1223 1117 1266 a
1141 1203 1471 1267 dictatore
1506 1204 1812 1267 Romano
1845 1223 2050 1287 prope
2080 1203 2491 1268 circumven-

381 1316 517 1370 tam
549 1306 731 1383 vidit,
767 1327 849 1370 ex
898 1307 1308 1371 subsidiariis
1361 1308 1734 1391 manipulos
1782 1307 2034 1390 aliquot
2084 1306 2153 1370 in
2201 1306 2488 1389 primam

308 1423 336 1467 8
383 1410 590 1474 aciem
655 1431 881 1474 secum
943 1412 1136 1493 rapit.
1232 1412 1380 1475 Hos
1442 1412 1708 1495 agmine
1766 1412 2117 1475 venientes
2177 1411 2253 1475 T.
2318 1411 2491 1473 Her-

382 1514 626 1578 minius
673 1514 936 1597 legatus
979 1515 1404 1597 conspicatus
1444 1515 1752 1598 interque
1782 1535 1898 1579 eos
1930 1515 2262 1597 insignem
2293 1524 2489 1578 veste

382 1618 717 1701 armisque
776 1619 1145 1682 Mamilium
1209 1619 1569 1696 noscitans,
1628 1628 1819 1683 tanto
1871 1618 1937 1682 vi
1995 1619 2239 1684 maiore
2284 1639 2486 1701 quam

384 1721 582 1804 paulo
624 1730 782 1785 ante
834 1722 1153 1805 magister
1200 1723 1499 1806 equitum
1550 1744 1701 1787 cum
1748 1722 2044 1787 hostium
2085 1723 2255 1786 duce
2299 1743 2488 1805 proe-

306 1848 339 1893 9
385 1825 546 1889 lium
586 1825 751 1900 iniit,
787 1835 859 1889 ut
911 1836 979 1889 et
1030 1847 1162 1890 uno
1210 1826 1348 1890 ictu
1379 1829 1774 1891 transfixum
1807 1847 1928 1909 per
1956 1826 2132 1890 latus
2164 1826 2486 1890 occiderit

386 1929 776 2005 Mamilium,
824 1938 892 1993 et
941 1929 1087 2011 ipse
1136 1930 1314 1993 inter
1362 1930 1781 2013 spoliandum
1830 1950 2071 2013 corpus
2119 1930 2334 1993 hostis
2382 1950 2488 1993 ve·

382 2042 532 2096 ruto
578 2053 954 2115 percussuS,
991 2054 1141 2098 cum
1172 2034 1389 2098 victor
1426 2034 1494 2097 in
1538 2044 1756 2098 castra
1794 2043 1973 2098 esset
2005 2033 2272 2109 relatuS‚
2308 2032 2488 2097 inter

284 2160 340 2194 10
386 2136 667 2220 primam
693 2136 1102 2202 curationem
1129 2138 1576 2221 exspiraverit.
1674 2137 1848 2202 Tum
1873 2139 1954 2202 ad
1989 2138 2245 2222 equites
2280 2138 2488 2202 dicta-

382 2251 489 2305 tor
518 2241 781 2305 advolat
813 2242 1180 2317 obtestans,
1217 2252 1290 2306 ut
1322 2243 1504 2306 fesso
1538 2242 1668 2306 iam
1700 2243 1926 2325 pedite
1957 2242 2370 2306 descendant
2404 2262 2487 2305 ex

382 2345 572 2428 equis
626 2356 693 2409 et
740 2366 1034 2428 pugnam
1085 2356 1455 2428 capessant.
1552 2347 1757 2411 Dicto
1801 2366 2119 2429 paruere3
2164 2346 2485 2410 desiliunt

383 2469 464 2512 ex
510 2449 717 2532 equiS,
753 2450 1101 2531 provolant
1149 2449 1218 2512 in
1256 2450 1563 2532 primum,
1598 2459 1666 2513 et
1699 2470 1818 2532 pro
1849 2449 2311 2532 antesignanis
2344 2470 2488 2531 par-

284 2574 339 2609 ιι
390 2573 530 2616 mas
563 2553 879 2617 obiciunt.
977 2553 1247 2635 Recipit
1272 2553 1606 2636 extemplo
1630 2554 1927 2617 animum
1952 2553 2281 2635 pedestris
2304 2554 2484 2617 acies

384 2666 737 2739 postquam
792 2657 1157 2720 iuventutis
1218 2676 1527 2739 proceres
1580 2665 1864 2740 aequato
1916 2677 2165 2740 genere
2218 2678 2488 2739 pugnae

381 2781 609 2824 secum
655 2769 911 2842 partem
958 2759 1235 2841 periculi
1285 2761 1700 2825 sustinentes
1732 2760 1913 2825 vidit.
2004 2760 2181 2824 Tum
2214 2762 2488 2823 demum*

446 3022 492 3076 5.
526 3011 747 3061 cohorti
786 3025 954 3060 suae:
994 3026 1025 3059 a
1045 3010 1377 3075 body-guard,

377 3078 598 3142 perhaps
632 3077 894 3125 horrowed
934 3076 988 3125 in
1033 3077 1119 3126 the
1159 3078 1376 3141 descrip-

378 3144 487 3192 tion
523 3143 650 3190 from
688 3142 813 3190 later
852 3143 1010 3191 times.
1033 3143 1372 3206 —ancipitiz

380 3211 460 3258 i.e.
488 3208 546 3256 of
564 3209 649 3257 the
675 3223 853 3270 enemy
877 3209 929 3255 in
954 3208 1100 3267 front,
1125 3211 1226 3258 and
1249 3209 1379 3258 their

378 3290 492 3323 own
516 3281 687 3338 troops
711 3274 916 3322 behind.

446 3352 491 3406 7.
527 3341 667 3389 alia:
704 3340 769 3388 cf.
814 3353 889 3401 19.
913 3339 945 3387 6
972 3341 1073 3389 and
1099 3352 1146 3404 7,
1173 3343 1274 3390 and
1300 3354 1377 3390 20.

383 3418 425 3456 1.
437 3434 504 3443 —
516 3406 845 3469 imperator:
875 3406 1113 3455 Octavius
1129 3407 1381 3455 Mamilius

377 3473 577 3535 already
604 3480 779 3536 pectus
801 3480 1067 3536 percussus
1082 3490 1102 3526 ,·
1138 3473 1200 3521 cf.
1233 3486 1305 3534 19.
1331 3472 1379 3522 8.

374 3564 442 3573 —
466 3539 852 3587 subsidiarii&
892 3539 978 3586 the
1003 3539 1136 3586 third
1160 3538 1277 3596 line,
1296 3555 1378 3587 ac-

379 3604 589 3665 cording
637 3611 690 3651 to
734 3604 860 3652 later
905 3619 1073 3665 usage,
1111 3606 1211 3653 and
1267 3619 1378 3668 per·

377 3668 505 3731 haps
527 3668 704 3716 earlier
734 3668 857 3716 also.
931 3670 979 3716 It
1016 3669 1057 3716 is
1093 3669 1378 3731 impossible

377 3740 432 3781 to
473 3733 559 3781 tell
581 3734 717 3781 what
750 3734 791 3781 is
826 3739 934 3782 true
969 3735 1070 3782 and
1092 3733 1225 3783 what
1260 3750 1377 3782 ana-

378 3797 662 3846 chronistic.

1546 3012 1592 3062 8.
1627 3012 1881 3075 legatusz
1917 3012 2039 3061 here
2075 3027 2141 3061 an
2172 3011 2341 3061 officer
2364 3013 2485 3060 with

1480 3093 1511 3127 a
1548 3078 1735 3142 special
1775 3080 2069 3137 command;
2122 3079 2342 3141 perhaps
2386 3078 2488 3128 this

1480 3144 1596 3258 also1
1620 3143 1662 3192 is
1695 3144 2078 3193 anachronistic.
2092 3169 2160 3178 —
2177 3145 2481 3207 magister:

1481 3225 1508 3259 c
1534 3223 1791 3337 §sig-ter
1834 3275 2226 3338 spoliandum:
2277 3290 2363 3323 see
2397 3275 2484 3323 Gr.

1483 3353 1625 3455 φῇ).
1661 3422 1764 3471 pro
1787 3407 2209 3469 antesignanis:
2248 3421 2333 3455 see
2363 3413 2486 3454 note

1480 3479 1534 3521 to
1557 3474 1898 3531 subsidiariis,
1926 3485 1970 3535 7.
2037 3475 2107 3522 At
2129 3488 2227 3535 any
2249 3480 2372 3530 rate,
2396 3473 2486 3520 the

1480 3539 1801 3615 dismounted
1826 3539 2022 3601 cavalry
2046 3554 2159 3586 now
2183 3539 2379 3587 formed
2397 3539 2485 3586 the

1482 3604 1965 3718 firslt1iui¹gyentutis
1981 3687 1992 3716 =
2031 3669 2151 3729 they
2167 3683 2298 3717 were
2313 3684 2488 3732 young

1481 3749 1615 3791 men,
1638 3749 1756 3781 sons
1779 3735 1837 3800 οξ
1853 3736 1940 3782 the
1966 3735 2066 3782 first
2090 3735 2303 3782 families
2331 3735 2485 3799 (pro-

1481 3801 1687 3861 ceres).
1710 3826 1777 3835 —
1799 3808 1921 3849 tum
1947 3801 2208 3849 demum:
2252 3802 2332 3848 i.e.
2360 3800 2487 3849 then
