2792 4316
290 269 389 322 140
1303 275 1485 325 LIVY.
2252 274 2443 339 [Boox
2462 275 2501 325 1.
2561 325 2564 326 ⁷

390 437 617 521 populi
666 438 955 502 Romani
999 438 1265 503 animus
1309 438 1527 503 latens
1569 439 1988 523 opperiretur
2014 449 2323 521 tempora
2362 460 2495 504 sua.

317 570 349 614 9
398 542 465 605 Is
510 551 655 605 tum
692 544 786 606 'ab
815 543 1199 626 Tarquiniis
1244 544 1487 607 ductus
1528 543 1850 625 DelphOS,
1885 543 2244 606 ludibrium
2276 543 2501 605 verius

391 666 588 728 quam
633 666 875 722 comeS,
914 667 1187 710 aureum
1234 646 1542 710 baculum
1589 647 1922 710 inclusum
1968 667 2211 710 corneo
2260 656 2497 710 cavato

389 750 473 812 ad
505 749 570 811 id
600 749 837 813 baculo
868 749 1105 813 tulisse
1136 751 1384 813 donum
1411 749 1712 833 Apollini
1744 750 2007 825 dicitur,
2034 770 2154 831 per
2174 751 2499 833 ambages

391 853 678 934 effigiem
711 852 960 935 ingenii
991 852 1111 917 sui.

291 985 349 1017 10
485 957 637 1039 Quo
667 966 1020 1040 postquam
1051 968 1329 1021 ventum
1371 968 1495 1034 est,
1521 956 1847 1041 perfectis
1884 958 2092 1042 patris
2137 957 2496 1033 mandatiS,

391 1061 628 1142 cupido
690 1060 966 1124 incessit
1025 1062 1285 1126 animos
1347 1063 1661 1126 iuvenum
1712 1062 2099 1126 sciscitandi
2158 1063 2245 1125 ad
2298 1083 2502 1145 quem

390 1185 616 1227 eorum
648 1185 928 1246 regnum
962 1174 1143 1229 esset
1173 1176 1548 1231 venturum.
1629 1167 1733 1230 Ex
1764 1165 1993 1229 infimo
2024 1186 2229 1247 specu
2262 1187 2501 1229 vocem

390 1269 716 1331 redditam
759 1267 1029 1333 ferunt:
1093 1277 1111 1304 ‘
1136 1269 1499 1353 Imperium
1542 1290 1874 1334 summum
1921 1271 2180 1333 Romae
2223 1270 2504 1333 habebit

389 1371 500 1455 qui
534 1382 835 1435 vestrum
880 1372 1153 1454 primuS,
1202 1394 1243 1438 o
1289 1373 1585 1449 iuveneS,
1633 1373 1935 1437 osculum
1982 1372 2179 1436 matri
2222 1371 2501 1437 tulerit.'

292 1504 344 1537 11
393 1475 796 1558 Tarquinius
831 1476 1097 1552 Sextus,
1125 1477 1239 1560 qui
1266 1478 1525 1541 Romae
1557 1477 1829 1541 relictus
1858 1476 2098 1553 fuerat,
2125 1485 2200 1540 ut
2225 1475 2504 1559 ignarus

390 1579 693 1662 responsi
729 1600 1100 1663 expersque
1138 1581 1399 1663 imperii
1431 1591 1631 1657 esset,
1667 1601 1809 1645 rem
1840 1601 2102 1644 summa
2132 1601 2260 1663 ope
2289 1579 2504 1645 taceri

391 1684 643 1760 iubent,
689 1683 818 1767 ipsi
862 1684 1041 1748 inter
1083 1704 1175 1759 se,
1221 1694 1371 1749 uter
1415 1685 1609 1768 prior,
1657 1706 1808 1749 cum
1858 1685 2142 1748 Romam
2188 1684 2501 1760 redisset,

291 1815 346 1849 12
393 1787 591 1851 matri
622 1787 922 1851 osculum
954 1788 1161 1863 daret,
1190 1789 1353 1852 sorti
1386 1789 1802 1870 permittunt.
1884 1790 2131 1852 Brutus
2156 1788 2286 1851 alio
2310 1798 2501 1851 ratus

392 1901 696 1974 spectare
728 1891 1076 1976 Pythicam
1107 1912 1359 1969 vocem,
1394 1892 1577 1956 velut
1621 1893 1678 1956 si
1724 1893 2072 1974 prolapsus
2119 1891 2500 1967 cecidisset,

389 2004 632 2058 terram
666 1995 894 2058 osculo
928 1995 1228 2078 contigit,
1265 1996 1522 2061 scilicet
1553 1998 1729 2079 quod
1760 2017 1840 2059 ea
1870 1994 2241 2059 communis
2284 2004 2507 2058 mater

290 2128 346 2175 13
394 2099 689 2163 omnium
735 2099 1111 2164 mortalium
1159 2109 1355 2166 esset.
1456 2101 1773 2165 Reditum
1822 2100 1977 2164 inde
2026 2100 2334 2177 Romam,
2381 2099 2503 2164 ubi

389 2206 705 2267 adversus
741 2204 1029 2268 Rutulos
1061 2204 1309 2268 bellum
1346 2225 1607 2269 summa
1633 2205 1701 2268 vi
1731 2205 2103 2286 parabatur.

288 2323 359 2379 57
480 2308 776 2371 Ardeam
805 2308 1042 2371 Rutuli
1073 2308 1430 2385 habebant,
1458 2329 1649 2391 gens,
1677 2317 1751 2371 ut
1783 2308 1852 2371 in
1884 2328 1963 2371 ea
1992 2308 2265 2390 regione
2294 2317 2504 2390 atque

392 2413 460 2475 in
493 2433 573 2475 ea
601 2420 838 2487 aetate,
865 2411 1114 2476 divitiis
1149 2412 1585 2494 praepollens,
1669 2413 1902 2497 anue
1933 2411 2075 2494 ipsa
2107 2431 2309 2476 causa
2337 2411 2503 2476 belli

388 2517 536 2591 fuit,
570 2516 746 2598 quod
784 2536 900 2578 rex
945 2516 1291 2579 Romanus
1333 2536 1485 2579 cum
1518 2517 1663 2598 ipse
1693 2515 1890 2579 ditari
1922 2516 2284 2579 exhaustus
2319 2536 2503 2599 mag-

391 2619 732 2683 nificentia
775 2619 1192 2700 publicorum
1235 2639 1530 2702 operum,
1568 2630 1710 2683 tum
1756 2621 2002 2702 praeda
2046 2618 2342 2682 delenire
2389 2639 2505 2701 po-

315 2752 346 2786 2
392 2722 715 2805 pularium
742 2722 1001 2786 animos
1026 2723 1357 2799 studebat,
1381 2732 1647 2806 praeter
1664 2723 1860 2786 aliam
1886 2722 2264 2806 superbiam
2287 2743 2500 2806 regno

386 2915 632 2972 animus,
655 2915 766 2962 that
783 2921 936 2977 great
962 2914 1083 2963 soal.
1152 2930 1216 2963 ,ιι
1240 2915 1390 2963 „atin
1492 2915 1793 2964 occasioned
1827 2915 1914 2963 the
1948 2930 2036 2963 use
2070 2913 2130 2963 of
2161 2928 2359 2978 quem3
2409 2914 2503 2964 but

387 2982 473 3029 the
506 2981 616 3028 soul
651 2981 692 3029 is
726 2988 816 3028 not
856 2980 1113 3029 identified
1144 2981 1266 3028 with
1303 2981 1389 3029 the
1492 2980 1558 3029 he
1580 2980 1623 3028 is
1646 2981 1698 3029 in
1721 2981 1807 3028 the
1830 2995 2038 3029 answer.

386 3063 504 3094 man
548 3061 605 3094 so
650 3046 802 3094 much
845 3061 901 3094 as
943 3046 996 3094 in
1042 3046 1267 3108 English,
1299 3047 1390 3095 but
1565 3059 1638 3094 11.
1682 3047 1917 3095 Sextus:
1962 3046 2050 3094 the
2090 3046 2236 3094 other
2274 3046 2499 3096 brother.

386 3111 557 3173 nearly
610 3111 698 3160 the
764 3127 902 3160 same
971 3111 1117 3160 effect
1173 3112 1216 3160 is
1276 3128 1391 3177 pro·
1491 3126 1790 3175 —expers,
1812 3112 2023 3159 without
2040 3129 2075 3159 a
2098 3112 2316 3169 cleonem
2347 3127 2500 3176 prop·

387 3179 565 3226 duced.
1493 3177 1613 3240 erly,
1635 3177 1847 3226 without
1869 3192 1901 3226 a
1921 3178 2083 3227 share.

452 3257 499 3305 9.
556 3243 881 3302 ludibrium,
938 3260 972 3291 a
1028 3244 1146 3293 butt.
1185 3270 1253 3280 —
1291 3258 1391 3307 per
1564 3256 1638 3291 12.
1674 3243 1787 3292 alio
1823 3279 1835 3291 .
1867 3279 1880 3292 .
1910 3279 1923 3292 .
1952 3252 2225 3306 spectare,
2248 3243 2423 3290 looked
2439 3244 2500 3291 in

387 3311 690 3371 ambages:
730 3309 794 3358 cf.
833 3321 911 3373 54.
947 3309 979 3358 8
1014 3311 1117 3357 and
1152 3320 1227 3372 55.
1262 3309 1392 3357 6.—
1491 3309 1704 3356 another
1718 3309 2002 3363 direction:
2037 3309 2116 3357 i.e.
2140 3316 2312 3357 meant
2335 3324 2501 3356 some·

387 3375 650 3437 effigiem,
684 3392 718 3423 a
760 3375 955 3438 symbol,
991 3391 1048 3423 or
1083 3375 1300 3431 emblem,
1333 3390 1390 3423 as
1491 3374 1638 3435 thing
1676 3373 1884 3436 entirely
1922 3372 2499 3432 different.—-scilicet‚

386 3456 462 3488 we
485 3440 666 3490 should
690 3440 785 3489 call
808 3442 869 3497 it;
912 3440 998 3489 the
1022 3441 1172 3488 Latin
1190 3440 1232 3488 is
1248 3455 1388 3488 more
1491 3439 1738 3496 doubtless,
1764 3440 2038 3502 naturally.

386 3506 564 3570 simple
588 3508 690 3555 and
714 3507 884 3555 direct.
1266 3514 1271 3517 “

459 3585 530 3620 10.
567 3585 767 3634 quem:
817 3570 1011 3618 instead
1046 3569 1105 3618 of
1132 3570 1218 3619 the
1249 3586 1388 3619 more
1544 3555 1669 3603 THE
1699 3553 1892 3603 YOUNG
1924 3555 2154 3603 PRINCES
2193 3566 2254 3603 IN
2288 3554 2445 3604 CAMP

386 3636 580 3698 regular
626 3642 839 3691 utrum:
890 3635 952 3684 cf.
999 3635 1044 3682 6.
1079 3650 1128 3697 4.
1207 3635 1389 3684 Brutus
1767 3632 1972 3668 BEFORE
2003 3622 2214 3670 ARDEA·

386 3701 428 3747 is
460 3707 550 3746 not
582 3700 734 3760 really
756 3700 993 3747 included
1038 3700 1091 3748 in
1124 3700 1212 3748 the
1245 3716 1388 3762 ques-
1555 3699 1655 3754 57.
1703 3702 1979 3750 Ardeam:
2042 3700 2105 3750 cf.
2163 3701 2303 3764 Virg.
2365 3705 2498 3751 Aen.

386 3763 510 3819 tion,
532 3760 724 3824 though
750 3763 829 3811 his
850 3778 1091 3825 presence
1123 3777 1238 3826 may
1260 3764 1387 3812 have
1488 3766 1608 3813 VII.
1631 3778 1746 3826 409.
1763 3790 1829 3801 —
1847 3773 1911 3814 ut
1940 3766 2014 3823 in,
2024 3767 2157 3831 fhr,·
2197 3765 2261 3815 cf.
2291 3766 2367 3816 18.
2397 3780 2418 3816 1
2448 3783 2499 3817 n.
