2792 4316
244 243 338 295 134
1306 242 1487 292 L1vv.
2200 243 2392 307 [Boon
2416 243 2460 292 1.

343 417 534 473 turus
575 407 931 484 videretur,
964 407 1257 490 benigne
1301 408 1387 471 ab
1436 406 1713 472 Gabinis
1760 407 2098 491 excipitur.
2192 408 2456 472 Vetant

344 512 586 589 mirari,
622 512 698 588 si,
733 511 946 596 qualis
991 510 1061 575 in
1108 511 1306 587 civeS,
1341 511 1553 595 qualis
1600 511 1669 574 in
1715 511 1949 587 sociOS,
1984 511 2135 575 talis
2180 512 2264 576 ad
2306 511 2459 575 ulti-

345 638 527 681 mum
582 616 651 679 in
704 615 949 679 liberos
1000 624 1220 692 esset;
1280 615 1349 679 in
1398 634 1471 678 se
1515 614 1732 697 ipsum
1780 625 2122 697 postremo
2168 616 2457 680 saevitu-

245 748 298 784 11
348 742 512 797 rum,
563 720 621 784 si
666 719 795 783 alia
839 719 1077 785 desint.
1176 719 1319 783 Sibi
1367 739 1528 783 vero
1575 728 1842 802 gratum
1894 721 2251 784 adventum
2306 720 2456 783 eius

345 844 495 889 esse
523 824 957 906 futurumque
989 824 1258 888 credere
1282 822 1484 899 brevi,
1512 831 1604 899 ut,
1634 823 1744 887 illo
1769 823 2144 898 adiuvante,
2171 843 2212 886 a
2239 823 2456 905 portis

346 927 627 993 Gabinis
667 928 793 991 sub
828 927 1133 991 Romana
1165 926 1429 990 moenia
1460 926 1707 991 bellum
1739 927 2196 991 transferatur.

242 1038 322 1096 54
436 1032 611 1095 Inde.
652 1030 720 1095 in
768 1031 1045 1096 consilia
1089 1031 1355 1114 publica
1392 1030 1708 1095 adhiberi.
1801 1030 1937 1095 Vbi
1982 1052 2134 1095 cum
2175 1031 2259 1095 de
2303 1030 2456 1095 aliis

345 1136 543 1200 rebus
575 1134 912 1199 adsentire
955 1154 1028 1198 se
1058 1133 1399 1198 veteribus
1433 1134 1713 1201 Gabinis
1744 1134 2014 1210 diceret,
2048 1135 2290 1217 quibus
2334 1155 2457 1199 eae

345 1238 640 1303 notiores
683 1247 932 1314 essent,
967 1238 1113 1321 ipse
1143 1237 1509 1302 identidem
1541 1238 1698 1303 belli
1728 1247 1962 1302 auctor
1991 1258 2140 1302 esse
2170 1248 2238 1302 et
2269 1238 2341 1302 in
2373 1259 2457 1302 eo

346 1342 473 1408 sibi
519 1342 940 1426 praecipuam
990 1341 1412 1425 prudentiam
1458 1342 1826 1418 adsumere,
1876 1343 2054 1426 quod
2101 1342 2457 1426 utriusque

269 1507 274 1512 .
344 1446 571 1530 populi
619 1446 795 1510 vires
849 1454 1097 1520 nosset,
1155 1445 1488 1528 sciretque
1541 1445 1823 1511 invisam
1876 1446 2179 1529 profecto
2231 1467 2460 1530 super·

346 1550 525 1615 biam
570 1549 821 1633 regiam
868 1549 1124 1613 civibus
1156 1568 1326 1624 esse,
1360 1570 1561 1631 quam
1606 1549 1781 1612 ferre
1827 1569 1914 1614 ne
1959 1549 2149 1613 liberi
2181 1550 2455 1632 quidem

274 1682 305 1716 2
349 1653 745 1737 potuissent.
864 1653 970 1716 Ita
1014 1674 1169 1717 cum
1215 1652 1465 1716 sensim
1511 1653 1594 1717 ad
1636 1653 2090 1717 rebellandum
2129 1654 2456 1734 primores

348 1757 758 1822 Gabinorum
805 1756 1133 1833 incitaret,
1178 1756 1320 1840 ipse
1370 1777 1522 1821 cum
1572 1756 2086 1839 promptissimis
2137 1758 2455 1821 iuvenum

271 1923 274 1928 ,
347 1861 736 1944 praedatum
773 1869 975 1943 atque
1012 1860 1080 1924 in
1120 1861 1579 1943 expeditiones
1612 1860 1758 1936 iret,
1792 1869 1859 1924 et
1891 1860 2088 1924 dictis
2125 1858 2458 1945 factisque

346 1964 655 2029 omnibus
700 1964 786 2028 ad
832 1961 1198 2028 fallendum
1241 1964 1587 2029 instructis
1617 1984 1789 2029 vana
1823 1973 2234 2029 accresceret
2266 1966 2454 2040 fides,

274 2097 305 2145 3
351 2070 484 2133 dux
529 2068 613 2131 ad
658 2067 967 2132 ultimum
1014 2068 1170 2132 belli
1210 2068 1472 2151 legitur.
1569 2068 1674 2132 Ibi
1706 2089 1877 2144 cum,
1910 2068 2121 2133 inscia
2160 2069 2461 2133 multitu-

347 2173 504 2238 dine
553 2173 712 2258 quid
759 2182 1089 2256 ageretur,
1123 2173 1373 2256 proelia
1410 2193 1614 2256 parva
1648 2173 1826 2238 inter
1864 2174 2146 2237 Romam
2183 2174 2460 2237 Gabios-

346 2297 477 2361 que
507 2278 762 2352 fierent,
788 2277 1029 2359 quibus
1061 2276 1451 2359 plerumque
1485 2276 1744 2340 Gabina
1782 2297 1888 2341 res
1923 2277 2221 2359 superior
2252 2287 2454 2353 esset,

353 2391 498 2446 tum
537 2379 841 2444 certatim
881 2379 1124 2443 summi
1162 2379 1508 2462 infimique
1542 2379 1951 2445 Gabinorum
1997 2381 2146 2446 SeX.
2182 2381 2461 2465 Tarqui-

344 2565 615 2611 statement
636 2559 825 2607 before.
837 2567 1136 2608 -vetantt
1171 2559 1350 2623 simply
1452 2560 1787 2609 identidem·
1817 2561 1852 2608 i.
1855 2576 1892 2607 e.
1912 2574 1968 2608 as
1995 2560 2228 2608 occasion
2250 2560 2457 2610 offered.

344 2624 691 2690 representing
713 2625 801 2673 the
825 2624 1114 2687 imperative
1138 2623 1196 2672 of
1220 2624 1350 2672 their
1449 2638 1686 2674 —esse:
1711 2625 1828 2673 hist.
1847 2625 1935 2674 inf.
1947 2633 2241 2684 —nossen
2260 2627 2457 2675 sciret:

345 2693 566 2741 address.
615 2691 727 2738 ‘Do
745 2696 835 2738 not
852 2690 916 2737 be
934 2690 1214 2753 surprisedss
1233 2689 1350 2752 they
1452 2691 1618 2738 notice
1637 2690 1723 2738 the
1742 2690 2040 2739 difference
2026 2706 2080 2738 ιιι
2097 2691 2332 2753 meaning
2352 2692 2461 2740 and

344 2758 468 2807 said.
483 2756 616 2805 —si
651 2790 661 2802 .
699 2789 711 2802 .
750 2791 762 2804 .
797 2763 980 2804 esset.
1019 2770 1103 2803 see
1128 2755 1212 2803 Gr.
1238 2767 1348 2817 333.
1453 2770 1558 2804 use.
1570 2756 1882 2817 -reg'iam,
1906 2756 2208 2820 ostheking.

344 2823 387 2872 b.
424 2835 472 2871 R.
538 2822 649 2870 The
684 2822 838 2869 mood
874 2821 917 2868 is
955 2821 1255 2869 occasioned
1287 2821 1353 2882 by
1521 2834 1567 2870 2.
1602 2821 2018 2870 rebellandum·
2068 2821 2122 2870 in
2166 2822 2230 2870 its
2271 2837 2462 2887 proper

343 2890 432 2938 the
463 2886 674 2937 indirect
703 2887 973 2935 discourse.
988 2913 1055 2922 —
1069 2886 1129 2935 in
1163 2887 1348 2935 cives:
1454 2902 1598 2935 sense
1623 2886 1680 2934 of
1698 2887 1953 2949 renewing
1974 2887 2062 2936 the
2083 2903 2201 2936 war.
2218 2914 2285 2923 —
2301 2902 2460 2952 prae·

343 2969 429 3003 see
450 2967 532 3015 49.
558 2965 611 3017 53
655 2953 876 3001 socios:
916 2967 1001 3000 see
1027 2963 1106 3016 51.
1456 2953 1681 3001 datum:
1721 2952 1774 3001 in
1791 2968 2140 3016 consequence
2156 2952 2214 3001 of
2231 2953 2294 3002 its
2310 2953 2460 3016 origi-

416 3032 491 3068 ιι.
532 3018 670 3067 sibi:
709 3033 795 3066 see
818 3017 905 3067 Gr.
933 3031 1045 3080 344.
1069 3018 1104 3066 l.
1454 3018 1540 3066 nal
1563 3024 1737 3066 nature
1761 3033 1819 3066 as
1849 3034 1916 3067 an
1949 3019 2245 3077 accusative,
2268 3018 2354 3067 the
2376 3034 2462 3067 su-

1454 3085 1574 3148 pine
1597 3085 1640 3132 is
1664 3086 1945 3148 constantly
1965 3085 2315 3136 coeordinued
2337 3085 2462 3133 with

1456 3166 1488 3199 a
1509 3167 1647 3200 noun
1671 3154 1772 3201 and
1803 3151 2126 3216 preposition,
2149 3167 2206 3200 as
2237 3151 2374 3200 here.
2391 3176 2461 3189 —-

1455 3231 1620 3277 vana,
1642 3219 1776 3284 fizLxe
1797 3219 1913 3267 and
1934 3219 2048 3268 idle.

1523 3297 1569 3346 3.
1620 3286 1982 3335 multitudine
2009 3303 2022 3334 ε
2082 3285 2168 3333 the
2213 3283 2459 3342 civilians,

1456 3350 1675 3413 through
1709 3351 1879 3400 whose
1921 3351 2166 3400 influence
2213 3351 2292 3399 his
2326 3350 2462 3399 fame

345 3135 487 3186 PLo‘r
520 3147 588 3184 or
624 3135 826 3249 Sssxrgs
859 3146 976 3183 Am>
1007 3135 1256 3184 CAP'ruRn
1284 3146 1355 3183 or

811 3212 940 3250 Arm.

410 3281 512 3337 54.
560 3284 620 3334 in
655 3285 897 3334 consilia
933 3284 1186 3349 publica:
1231 3285 1353 3333 used

342 3350 657 3415 particularly
692 3350 750 3398 of
779 3351 865 3398 the
902 3357 1090 3409 senate,
1114 3350 1278 3398 which
1312 3350 1355 3399 is

344 3416 484 3465 osten
501 3416 662 3465 called
682 3416 768 3464 the
784 3417 1049 3480 publicum
1068 3415 1352 3481 consilium.

342 3483 702 3531 —adhiberiz
745 3482 997 3531 historical
1020 3482 1355 3530 infinitive.--

344 3549 500 3597 aliis:
539 3549 686 3597 other
711 3548 834 3596 than
858 3548 944 3596 the
975 3548 1213 3597 relations
1233 3547 1354 3596 with

346 3614 524 3662 Rome.
536 3614 900 3662 —adsentire
917 3630 929 3660 ε
970 3612 1111 3662 older
1130 3613 1257 3661 form
1280 3613 1353 3661 in·

344 3678 488 3726 stead
512 3677 571 3726 of
589 3678 1265 3727 adsentiri.—veteribus:
1298 3693 1355 3726 as

346 3744 573 3805 opposed
591 3749 645 3791 to
662 3741 877 3801 himself,
900 3757 932 3791 a
955 3757 1273 3792 new-comer.
1286 3768 1355 3780 —

1457 3422 1508 3464 at
1541 3416 1692 3465 home
1729 3416 1990 3465 increased
2029 3417 2312 3480 (certatim
2346 3431 2461 3465 cre·

1456 3482 1632 3544 dere).
1651 3509 1719 3518 ——
1735 3483 1871 3544 quid
1894 3491 2180 3544 ageretur:
2226 3483 2302 3531 i.e.
2323 3482 2463 3530 what

1457 3547 1634 3596 Sextus
1665 3563 1767 3596 was
1801 3548 1970 3597 about.
1987 3548 2292 3612 —proelia,
2325 3554 2421 3595 etc.
2443 3565 2458 3596 ε

1457 3612 1535 3662 i.e.
1570 3613 1700 3660 their
1735 3628 1931 3661 success
1966 3614 2113 3662 made
2153 3614 2238 3661 the
2275 3612 2465 3662 Gabini

1456 3676 1606 3725 think
1658 3677 1834 3727 Sextus
1878 3693 1910 3727 a
1953 3678 2123 3727 leader
2169 3683 2282 3728 sent
2332 3677 2465 3727 from

1452 3741 1666 3792 heaven.
