2792 4316
268 288 370 341 268
1288 291 1471 342 Lrvv.
2201 289 2388 354 [Boou
2408 292 2483 342 11.

299 478 330 512 ο
362 453 704 520 'interesse
736 454 1193 521 consularibus
1227 456 1516 521 comitiis
1549 454 1802 520 noluit:
1846 476 1966 538 per
2009 464 2235 538 patres
2286 455 2507 520 elien--

372 566 609 643 tesque
642 568 906 643 patrum
940 559 1249 625 consules
1275 560 1485 624 creati
1508 560 1586 624 T.
1618 559 1980 642 Quinctius
2015 560 2096 642 Q.
2137 559 2480 624 Servilius.

377 661 676 726 Similem
726 683 976 727 annum
1023 663 1225 746 priori
1269 662 1579 728 consules
1613 664 1884 740 habent,
1919 663 2237 726 seditiosa
2268 663 2476 739 initia,

300 794 329 840 3
376 765 549 829 bello
599 765 840 830 deinde
901 777 1179 831 externo
1239 767 1611 850 tranquilla.
1708 766 1959 842 Sabini,
2008 766 2479 831 Crustuminos

374 890 642 951 campos
690 870 895 934 citato
942 870 1211 953 agmine
1242 870 1665 953 transgressi,
1703 891 1853 934 cum
1886 871 2124 934 caedes
2157 879 2223 933 et
2257 870 2481 933 incen-

374 974 483 1037 dia
535 974 782 1039 circum
841 974 1179 1038 Anienem
1235 974 1485 1037 flumen
1540 973 1882 1050 fecissent,
1937 993 1978 1037 a
2029 982 2222 1056 porta
2272 993 2480 1055 prope
2546 1039 2550 1043 ,

378 1077 637 1142 Collina
680 1078 1161 1160 moenibusque
1208 1078 1382 1160 pulsi
1430 1078 1743 1161 ingentes
1791 1087 2018 1140 tamen
2055 1079 2334 1159 praedas
2367 1078 2482 1140 ho-

300 1212 334 1255 4
379 1182 633 1245 minum
679 1202 1126 1264 pecorumque
1172 1201 1389 1264 egere.
1487 1182 1675 1270 Quos
1735 1181 2055 1246 Servilius
2105 1180 2338 1245 consul
2386 1181 2481 1243 in·

373 1286 552 1349 festo
597 1286 891 1350 exercitu
941 1285 1287 1350 insecutus
1339 1285 1557 1368 ipsum
1606 1285 1875 1368 quidem
1916 1305 2164 1367 agmen
2202 1284 2481 1366 adipisci

377 1389 607 1473 aequis
653 1390 816 1454 locis
856 1410 990 1453 non
1033 1390 1295 1473 potuit;
1341 1389 1837 1473 populationem
1870 1390 2037 1453 adeo
2070 1389 2285 1452 effuse
2313 1388 2480 1471 fecit

378 1504 451 1558 ut
497 1492 663 1557 nihil
709 1493 884 1558 bello
931 1493 1257 1558 intactum
1304 1494 1709 1577 relinqueret
1759 1492 2243 1575 multiplicique
2284 1501 2481 1574 capta

303 1624 333 1672 5
382 1599 624 1681 praeda
668 1597 930 1661 rediret.
1029 1598 1119 1661 Et
1152 1598 1221 1662 in
1251 1597 1517 1662 Volscis
1550 1616 1657 1661 res
1690 1596 1956 1680 publica
1986 1596 2256 1679 egregie
2286 1605 2481 1678 gesta

379 1721 528 1766 cum
580 1701 766 1765 ducis
817 1711 961 1765 tum
1009 1701 1295 1765 militum
1344 1720 1562 1783 opera.
1658 1701 1947 1764 Primum
1994 1719 2206 1782 aequo
2243 1718 2479 1783 campo

379 1805 589 1888 signis
636 1805 917 1869 conlatis
963 1814 1335 1887 pugnatum
1383 1804 1646 1887 ingenti
1692 1805 1894 1869 caede
1939 1803 2294 1886 utrimque,
2340 1803 2482 1885 plu-

305 1926 337 1970 6
384 1910 548 1973 rimo
596 1908 937 1992 sanguine.
1036 1910 1125 1972 Et
1176 1908 1483 1984 Romani,
1517 1908 1674 1991 quia
1717 1908 2019 1990 paucitas
2059 1908 2302 1970 damno
2335 1927 2482 1970 sen-

379 2013 607 2077 tiendo
649 2012 913 2096 propior
944 2020 1105 2089 erat,
1140 2013 1420 2095 gradum
1445 2012 1885 2087 rettulissent,
1920 2011 1990 2074 ni
2023 2010 2268 2075 salubri
2300 2028 2507 2073 men-‘

378 2117 567 2182 dacio
609 2117 860 2193 consul,
893 2116 1130 2200 fugere
1179 2117 1411 2181 hostes
1459 2118 1544 2182 ab
1594 2136 1800 2182 cornu
1848 2115 2059 2181 altero
2105 2114 2476 2192 clamitanS,

380 2221 780 2286 concitasset
834 2220 1062 2286 aciem.
1160 2221 1429 2304 Impetu
1476 2221 1677 2297 fact0,
1725 2222 1882 2284 dum
1933 2239 2006 2284 se
2058 2229 2315 2302 putant
2342 2219 2483 2283 vin-

304 2356 336 2400 7
383 2346 552 2402 cere,
587 2326 822 2390 vicere.
922 2324 1174 2389 Consul
1221 2334 1530 2388 metuens
1578 2345 1664 2388 ne
1714 2324 1911 2389 nimis
1949 2324 2262 2388 instando
2291 2344 2480 2387 reno-

306 2447 334 2492 8
381 2438 566 2492 varet
628 2438 985 2504 certamen,
1045 2429 1308 2512 signum
1374 2428 1671 2511 receptui
1731 2429 1930 2493 dedit.
2028 2428 2481 2492 Intercessere

378 2533 572 2616 pauci
604 2533 745 2597 dies
777 2533 957 2596 velut
989 2532 1213 2597 tacitis
1248 2532 1525 2597 indutiis
1558 2532 1892 2614 utrimque
1918 2532 2142 2615 quiete
2172 2539 2480 2614 sumpta3

378 2657 498 2721 per
520 2658 685 2720 quos
707 2638 946 2720 ingens
966 2637 1066 2700 vis
1092 2636 1435 2700 hominum
1463 2656 1545 2700 ex
1567 2637 1877 2701 omnibus
1903 2636 2169 2700 Volscis
2196 2634 2481 2718 Aequis-

289 2750 300 2763 *
377 2761 506 2825 que
538 2741 799 2824 populis
831 2741 899 2804 in
933 2750 1153 2804 castra
1180 2739 1386 2816 venit,
1422 2740 1600 2803 haud
1645 2739 1981 2815 dubitanS,
2016 2741 2072 2803 si
2122 2738 2477 2814 senserint,

304 2875 334 2920 9
384 2848 723 2909 Romanos
773 2854 970 2908 nocte
1017 2843 1331 2908 abituros
1432 2844 1669 2926 Itaque
1715 2844 1916 2907 tertia
1962 2843 2105 2906 fere
2141 2843 2367 2926 vigilia
2396 2843 2482 2906 ad

278 2977 333 3011 10
380 2959 597 3013 castra
627 2948 1072 3030 oppugnanda
1101 2947 1399 3011 veniunt.
1498 2947 1879 3030 QuinctiuS,
1916 2948 2149 3011 sedato
2187 2946 2481 3010 tumultu

376 3073 573 3136 quem
620 3061 835 3115 terror
882 3050 1144 3115 subitus
1193 3051 1544 3126 exciverat,
1581 3072 1732 3114 cum
1766 3049 2035 3115 manere
2067 3050 2136 3113 in
2169 3049 2480 3113 tentoriis

375 3156 672 3240 quietum
709 3154 986 3219 militem
1022 3154 1349 3231 iussisset,
1389 3155 1838 3218 Hernicorum
1871 3155 2217 3219 cohortem
2250 3153 2319 3216 in
2354 3163 2483 3218 sta-

442 3302 486 3372 2'.
521 3321 839 3385 tranquilla:
887 3319 1076 3384 loosely
1094 3322 1375 3369 connected
1546 3332 1590 3385 5.
1615 3322 1814 3371 caede:
1852 3322 1930 3370 i.e.
1949 3319 2050 3370 loss
2067 3320 2121 3369 in
2137 3320 2316 3380 killed;
2352 3334 2482 3370 san·

289 3444 292 3445 ⁷
373 3390 495 3438 with
523 3389 697 3446 initia,
731 3389 821 3436 but
856 3386 1007 3449 really
1042 3386 1283 3449 referring
1321 3394 1375 3435 to
1478 3387 1680 3448 guine:
1719 3386 1819 3435 loss
1841 3387 1894 3435 in
1917 3388 2186 3435 wounded.

375 3456 461 3504 the
485 3461 586 3503 rest
608 3453 666 3501 of
687 3454 772 3503 the
796 3468 925 3516 year.
1545 3453 1591 3500 6.
1629 3453 1913 3515 paucitas:
1964 3452 2029 3502 cf.
2064 3451 2370 3510 concordiae,
2400 3451 2480 3500 60.

443 3532 488 3582 3.
523 3534 726 3583 prope:
777 3534 809 3567 a
845 3517 1109 3581 colloquial
1149 3512 1376 3565 freedom
1479 3531 1524 3565 2.
1541 3544 1609 3553 —
1625 3519 1850 3575 damno,
1867 3525 1979 3575 etc„
1998 3533 2134 3567 more
2157 3518 2307 3580 likely
2325 3524 2372 3565 to
2378 3515 2487 3582 feel

377 3585 434 3633 of
450 3586 654 3648 speech,
679 3599 733 3632 as
755 3598 830 3632 we
854 3599 940 3645 say
963 3584 1125 3649 ‘from
1150 3582 1235 3631 the
1259 3589 1375 3644 gate
1476 3583 1556 3631 the
1599 3583 1690 3631 loss
1701 3600 1724 3638 ,·
1771 3583 1994 3646 literally,
2018 3588 2032 3611 ‘
2050 3585 2254 3642 nearer,’
2289 3584 2390 3632 and
2424 3598 2482 3631 so

375 3649 585 3699 almost!
1477 3664 1617 3696 more
1662 3650 1896 3712 exposed.
1912 3657 2224 3713 —putant:
2274 3664 2359 3697 see
2394 3648 2481 3698 Gr.

439 3729 487 3775 4.
534 3713 844 3777 multiplici,
902 3728 1059 3775 many
1116 3713 1262 3761 times
1317 3728 1377 3760 as
1477 3713 1590 3777 328.
1614 3731 1662 3762 a.
1731 3713 1804 3762 Cf.
1831 3715 1966 3776 Virg.
1992 3717 2120 3763 Aen.
2146 3715 2206 3763 V.
2240 3727 2349 3777 231.

376 3780 523 3827 much
552 3780 633 3842 (as
667 3780 751 3826 the
787 3792 965 3840 enemy
987 3778 1090 3827 had
1124 3777 1328 3842 taken).
1540 3792 1587 3841 9.
1625 3780 1831 3842 itaque,
1844 3787 1969 3830 etc.:
1999 3780 2285 3844 i.e.fearing
2303 3780 2388 3829 the
2409 3795 2482 3829 es-
